2566 4854
117 378 294 445 leviatus
309 382 407 460 (sne.)
419 400 447 441 0.
463 398 624 441 scioserns.

116 490 250 509 ·---
264 464 296 521 1.
310 462 426 540 Apuleii
448 462 725 540 Metamorphoseos,
745 463 802 520 sire
823 461 902 521 lusus
916 462 997 524 Asini
1019 461 1084 524 libri
1105 484 1147 526 xt.

143 542 313 602 Floridorum
330 560 386 600 uu.
415 540 462 598 De
476 541 539 599 Deo
554 542 677 599 Socratis
692 542 787 607 1.,Ι)0
803 541 984 620 Philosophia
998 562 1017 602 1.
1047 547 1148 603 Ascle·

141 622 199 700 pius
210 621 388 698 'l'tismegisti
404 619 553 697 Dialogus,
567 620 670 678 eodem
682 619 812 698 Apuleio
825 622 988 698 interprete.
1010 622 1150 697 Ejnatem

140 700 249 779 Apuleij
263 699 336 758 liber
348 697 385 757 de
398 698 552 777 Dogmatis
566 698 728 757 Platonicis.
769 699 910 772 Ejusdem
924 701 995 759 liber
1008 701 1044 759 de
1059 702 1150 761 Mun·

139 776 183 847 do,
193 798 283 857 quem
296 782 539 857 maguaexparte
554 798 591 835 ex
602 777 653 835 lib.
668 778 831 837 Aristotelis
841 779 973 853 ejusdem
987 781 1151 858 argumenti

137 859 165 916 ln
176 856 296 916 latinum
318 855 454 915 traduxit.
497 856 664 934 Isagogicus
688 856 759 914 liber
782 857 937 916 Platonicae
959 857 1148 936 philosophiae

139 954 187 1013 per
206 937 364 996 Alcinoum
380 934 583 1013 philosophum
606 953 704 1014 graece
728 936 890 1013 impressus.
912 938 944 995 81
968 938 1029 994 Van.
1049 941 1080 996 in
1099 939 1150 996 oed.

138 1014 205 1072 Atat
215 1029 241 1073 et
255 1015 292 1074 Α.
307 1014 369 1072 Soc.
386 1014 472 1076 lsai.
663 1003 675 1032 ⁴
1093 1027 1096 1033 ·

46 1088 50 1097 “
106 1119 250 1139 --
266 1093 365 1171 Opera
378 1112 447 1170 quas
462 1102 562 1151 extant
575 1093 691 1162 Omnia,
711 1110 780 1151 cum
796 1092 849 1152 Ph.
862 1094 1005 1161 Beroaldi.
1026 1094 1150 1156 Godesc.

138 1170 287 1242 Stewechi,
300 1190 414 1230 necnon
428 1171 549 1230 aliorum
564 1184 719 1230 comment.
741 1173 846 1231 01001.
867 1175 898 1231 81
919 1174 1008 1249 Lugii.
1026 1174 1110 1234 1587.

502 1270 555 1330 per
579 1252 686 1309 Bonae.
710 1249 897 1336 Vulcanium.
930 1251 979 1311 161
1004 1252 1096 1330 Lnga.
1116 1252 1153 1313 B.

622 1407 673 1467 161
693 1409 783 1485 Lnga.
798 1407 833 1466 B.
849 1408 935 1467 1600.

105 1517 253 1534 ---
267 1488 400 1565 Operum
414 1498 510 1548 tomus
522 1489 600 1548 alter.
622 1490 653 1546 8⁰
676 1488 766 1564 Lugii.
784 1487 869 1546 1614.

105 1596 253 1612 ——-
267 1566 399 1645 Operum
417 1587 483 1645 pars
496 1568 631 1627 secunda.
653 1568 683 1625 81
704 1567 873 1625 8001600.

104 1674 254 1691 ·--—-
267 1645 367 1723 Opera
380 1649 478 1706 omnia
491 1666 560 1727 quta
574 1653 674 1705 extant
687 1645 724 1703 ab
739 1638 898 1703 innumeris
912 1643 1034 1713 mendis,
1047 1646 1152 1723 quibus

136 1725 277 1784 haetenus
289 1725 446 1794 scatebant,
463 1729 524 1801 jam
538 1729 613 1784 serio
625 1724 784 1783 emendata.
808 1724 857 1784 tat
877 1722 967 1800 Lugd.
984 1723 1049 1781 But.
1067 1725 1152 1784 1623.

140 1328 222 1403 uss,

104 1832 255 1851 --
267 1803 411 1881 Apuleius
430 1804 630 1864 Madaurensis
655 1803 827 1872 Platonicus,
846 1804 921 1863 serio
941 1803 1092 1881 castigatus
1115 1819 1153 1862 ex
1272 1824 1274 1829 ·

138 1881 255 1941 11100000
269 1881 332 1941 Pet:
346 1882 489 1942 Scriverii.
513 1883 562 1942 1²2⁰
579 1883 669 1940 ‘Amat
684 1880 768 1959 luat.

103 1990 254 2007 ·-—-
267 1961 412 2039 Apuleius
425 1962 460 2038 [i.
474 1961 662 2020 010Αο10010
675 1981 786 2019 0010010
800 1959 889 2035 Opus]
903 1962 973 2018 cum
986 1970 1154 2021 commento

103 2109 106 2113 ,
140 2039 282 2109 Beroaldi,
303 2042 330 2098 &
343 2040 441 2118 figuris
454 2044 565 2100 noviter
576 2039 689 2100 additis.
711 2040 758 2098 t'ol.
785 2040 844 2097 Van.
860 2037 946 2096 1510.

103 2148 256 2165 --
270 2121 317 2178 De
331 2121 422 2178 Asino
434 2138 521 2178 aureo
533 2120 611 2178 Libri
626 2138 667 2178 10.
679 2120 856 2195 argumentis
866 2117 903 2176 ad
923 2117 1052 2196 singulos
1064 2119 1154 2178 libros

140 2201 261 2269 insertis,
281 2206 312 2256 et
325 2197 392 2257 Vita
413 2200 549 2267 authoris,
568 2210 597 2257 et
618 2201 705 2256 totius
720 2198 825 2276 Operis
838 2198 1003 2256 intentione
1018 2200 1047 2255 iu
1061 2196 1156 2257 fronte

139 2279 311 2359 praepositis
332 2279 364 2335 41
384 2279 451 2336 Pcr.
469 2278 555 2336 1510.

104 2387 258 2403 --—-
270 2355 318 2414 De
331 2357 422 2415 Asino
439 2375 529 2415 aureo
548 2356 635 2414 libelli
649 2375 691 2413 xi.
731 2354 915 2413 Floridorum
935 2353 1000 2413 libri
1021 2366 1157 2434 quatuor.

140 2436 183 2494 De
197 2438 342 2514 Dogmata
358 2435 482 2495 Platonis
498 2436 571 2493 liber
591 2437 701 2493 unicus.
743 2435 786 2491 De
802 2433 985 2510 Philosophia
1004 2437 1072 2492 item
1086 2436 1158 2494 liber

140 2520 252 2574 unicus.
287 2513 449 2591 Asclepius,
464 2514 603 2572 Mercurii
619 2515 798 2590 Trismegisti
813 2511 952 2589 Dialogus
965 2512 1001 2570 de
1014 2515 1158 2570 voluntate

95 2626 97 2630 .
140 2593 244 2662 divina,
265 2595 422 2670 interprete
447 2594 478 2651 L.
493 2594 626 2670 Apuleio.
667 2592 805 2665 Ejusdem
821 2591 998 2667 Trismegisti
1019 2591 1157 2668 Dialogus

141 2671 177 2730 de
192 2680 333 2750 potestate
348 2682 377 2729 et
390 2674 530 2749 sapientia
543 2674 608 2740 Dei,
630 2669 931 2748 interpretehlarsilio
946 2670 1053 2727 Ficino.
1082 2670 1158 2728 lteiu

141 2752 172 2809 in
186 2752 266 2810 calce
284 2751 316 2808 L.
332 2750 446 2828 Apuleii
462 2751 613 2810 Orationes
627 2750 693 2809 dum
709 2769 762 2827 pro
776 2750 876 2826 scipso.
897 2749 928 2804 81
948 2749 1025 2805 Flor.
1042 2749 1127 2807 1512.

103 2861 261 2878 ———
276 2829 339 2887 The
355 2830 426 2887 New
443 2831 704 2908 Metamorphosis;
724 2847 758 2887 or
774 2830 823 2885 the
838 2826 964 2904 pleasant
978 2827 1160 2886 Translortu·

143 2912 240 2968 ation:
262 2908 349 2986 being
362 2908 410 2966 the
431 2908 542 2967 Golden
558 2911 612 2966 Ass
625 2908 659 2965 of
677 2908 781 2965 Lucius
802 2905 944 2983 Apuleius
957 2905 991 2963 of
1008 2907 1161 2975 Madnasa,

142 2987 245 3046 alter’d
259 2988 317 3045 and
331 2987 475 3065 improv'd
488 2998 518 3045 to
532 2988 581 3044 the
595 2988 714 3044 moileru
729 2986 826 3043 Times
840 2985 895 3042 und
911 2985 1058 3042 Manners.
1070 2986 1161 3043 Writ-

143 3074 193 3125 ten
207 3063 878 3143 1011010000(10110010010800100001110001.
892 3062 967 3122 froin
977 3065 1025 3121 the
1039 3061 1160 3123 Vatican

143 3144 440 3222 01000000012001.
461 3148 493 3204 8⁰
513 3146 604 3203 Laud.
622 3147 707 3202 1709.
756 3157 760 3164 ’

277 3225 310 3282 L.
331 3224 475 3303 Apulegio
489 3224 613 3282 tradotto
634 3226 663 3282 in
679 3223 790 3299 volgare
803 3222 850 3280 dal
864 3222 956 3280 Contc
969 3220 1080 3280 blatteo
1094 3221 1163 3280 Mo·

144 3306 189 3361 ria
201 3303 337 3362 Boiardo.
377 3305 528 3439 Appresso
541 3305 704 3380 aggiuntovi
718 3303 855 3360 subtere
868 3302 1004 3359 Discorso
1018 3299 1093 3378 della
1106 3303 1163 3360 vitu

143 3380 212 3440 dell'
225 3382 347 3440 Antore.
368 3384 400 3439 81
445 3385 482 3441 in.
501 3382 586 3440 1544.

106 3491 263 3506 ——--
632 3462 664 3519 81
688 3461 748 3517 Vin.
765 3458 848 3516 1549.

108 3570 260 3587 —-—-
279 3539 324 3598 De
347 3539 510 3598 Herbarum
525 3539 685 3598 Virtutibus
700 3558 764 3595 vere
778 3557 865 3596 aurea
879 3538 904 3594 u
918 3535 1045 3595 salutaris
1066 3537 1164 3609 Histo-

149 3622 201 3678 ria.
224 3620 310 3698 [Cum
325 3620 408 3676 Notis
423 3619 528 3694 MSS]
552 3618 599 3677 lol.
623 3619 690 3675 Bas.
708 3617 793 3674 1528.
1140 3630 1144 3636 ’

109 3729 268 3745 ---
282 3699 327 3756 De
343 3697 588 3756 Medicamiuibus
604 3697 768 3756 Herbarum
790 3696 876 3753 Liber
890 3695 914 3752 1.
927 3714 978 3772 per
992 3695 1079 3754 Gabr.
1101 3644 1184 3754 1110,

148 3778 341 3856 melbergum.
363 3778 394 3832 41
413 3778 490 3834 clar.
504 3797 573 3836 rom.

112 3888 267 3995 W
282 3856 327 3914 De
338 3854 404 3914 Deo
417 3856 540 3914 Socratis
556 3855 650 3925 Liber,
659 3873 747 3934 opera
760 3855 794 3912 B.
809 3852 954 3912 Vulcanii.
976 3854 1007 3910 81
1028 3853 1117 3930 Lugii.
1130 3852 1167 3933 B.

155 4093 202 4150 w
517 4033 587 4073 cum
611 4014 687 4072 notis
712 4013 792 4073 Iosiae
820 4011 957 4070 Merceri.
994 4010 1042 4068 1111
1076 4011 1167 4068 Latet.

113 4096 269 4220 -3-52-
282 4172 436 4251 Apologia,
449 4192 485 4231 ex
501 4173 665 4231 recensione
679 4171 716 4229 Is.
738 4170 909 4230 Casauboni.
927 4171 959 4226 41
977 4145 1064 4227 Heio.
1082 4166 1168 4226 1594.

440 4253 588 4330 recognita
601 4260 630 4309 et
644 4251 792 4310 nonnullis
810 4253 888 4309 notis
901 4249 1000 4306 illustr.
1014 4269 1030 4306 a
1043 4247 1090 4304 Jo.
1105 4244 1170 4304 Pri·

153 4349 224 4390 caeo.
243 4334 438 4391 Accesserant
451 4332 670 4410 Antiquitatum
683 4329 844 4410 fragmenta
854 4327 991 4408 quaedam
1005 4328 1056 4385 aeri
1072 4324 1170 4383 incisis.

151 4408 185 4487 ⁴?
203 4411 271 4472 rar.
288 4409 375 4479 1635,
770 4474 781 4495 Ι

555 4493 578 4562 a
901 4498 904 4504 ·
974 4480 1174 4545 1100000
