2566 4854
520 243 682 321 BRU

61 397 415 536 BRlpillegiquNUS
430 397 523 473 (ruri)
538 398 704 474 Disputatio
724 395 760 455 de
778 393 968 476 Apodemica.
990 395 1022 454 4⁰
1045 395 1121 475 Gry·

99 497 122 554 p
143 498 201 534 rsw.
257 515 275 537 ..
297 518 304 533 .

65 555 280 694 1111111ἰ111ἰὲἑ16
293 558 411 631 (nunu.)
426 554 584 613 Annalium
605 555 761 613 Boicorum
781 554 851 613 Pars
875 555 978 632 prima.
999 555 1031 611 8⁰
1050 551 1120 612 Μοὲ

104 655 186 691 rrae.
281 677 288 692 .
756 654 758 658 ’

63 712 267 771 BRUNNER
279 716 415 789 (surra.)
432 711 555 770 Consilia
569 678 703 786 Medica:
724 711 844 770 collecta
856 720 886 770 et
899 713 990 770 revisa
1002 730 1019 769 a
1033 710 1119 770 Laur.

105 791 264 850 llosmano.
286 793 316 847 4⁰
337 792 409 848 Hal.
425 792 510 849 1617.

61 902 384 920 --·---—
554 871 586 927 4⁰
606 869 705 927 Franc-
723 871 746 935 ὁ·
761 871 838 947 Lips.
854 869 940 927 1727.

61 948 267 1009 BRUNNER
281 953 365 1024 (000.
381 951 471 1019 ruri.)
487 947 569 1025 Disp.
588 947 671 1007 Med.
695 947 797 1026 inaug.
815 949 851 1006 de
866 947 1048 1025 Dysenteria.
1089 947 1121 1006 40

109 1028 190 1103 Traj.
206 1027 245 1084 ad
259 1027 313 1083 1111.
326 1026 411 1084 1691.

65 1104 270 1166 BRUNNER
284 1110 386 1178 (usna.
402 1107 503 1177 naun.)
519 1105 563 1162 De
584 1105 777 1182 Cosmogonia
798 1103 947 1171 Oridiana,
967 1102 1124 1163 Commen-

105 1188 177 1242 tatio
192 1183 402 1259 philosophica.
423 1185 455 1239 4⁰
475 1183 568 1240 Abooe.
586 1184 705 1261 [lisa]
1205 1188 1211 1202 ’

65 1261 270 1320 BBUNNER
285 1266 364 1335 (rou.
378 1263 479 1335 cour.)
494 1255 811 1322 DeFoetumonstrosrl
832 1263 864 1319 4⁰
884 1260 998 1337 Argent.
1016 1260 1102 1320 lora.
1130 1325 1136 1345 ἱ

67 1372 228 1389 ---
243 1340 449 1414 Experimento
470 1360 542 1398 nova
562 1344 639 1399 circa
658 1343 806 1400 Pancreas.
847 1339 972 1397 Accedit
994 1339 1125 1398 Diatribe

107 1419 146 1476 rle
161 1417 298 1495 Lympha
307 1427 336 1474 et
350 1420 476 1492 genuino
490 1419 653 1477 Pancreatis
664 1421 735 1478 Usu.
756 1421 789 1476 8⁰
808 1417 896 1477 Anio.
910 1418 996 1476 1688.

67 1527 544 1563 ——7-——-—-—-
556 1500 587 1554 8⁰
607 1498 697 1574 Lugii.
713 1497 879 1555 6101722.

69 1573 322 1635 BRUNNERUS
338 1575 433 1650 (unu.)
449 1576 529 1652 Disp.
542 1575 579 1633 de
593 1575 752 1654 frequentia
767 1575 942 1632 Morborum
957 1576 986 1632 in
998 1575 1125 1652 Corpore

108 1655 240 1711 humano
253 1671 314 1729 praa
328 1653 433 1712 Brutis.
454 1657 486 1710 4⁰
505 1655 576 1711 Har.
590 1655 674 1731 Mag.
691 1654 810 1731 [1705.]

68 1733 184 1792 BRUN
188 1731 216 1789 N
219 1729 321 1789 ERUS
336 1735 504 1806 (rouinuss
516 1735 671 1805 suranus)
682 1733 800 1790 Dissert.
811 1731 848 1791 de
859 1732 973 1810 Figuris
982 1732 1126 1792 variarum

109 1829 210 1869 rerum
222 1813 252 1868 in
265 1811 432 1885 Lapidibus,
441 1821 471 1868 et
478 1813 627 1888 speciatim
640 1811 805 1879 Fossilibus,
814 1809 975 1869 Comitatus
986 1810 1126 1870 Mansfel·

108 1890 181 1947 dici.
203 1890 233 1945 4⁰
254 1889 331 1964 Lips.
347 1887 432 1947 1675.

69 1966 322 2027 BRUNNERUS
337 1970 417 2042 (rora.
433 1971 558 2041 cuono.)
573 1969 619 2027 De
633 1969 749 2027 Peccati
762 1968 918 2045 Originalis
928 1970 1012 2027 venia
1022 1969 1049 2026 &
1059 1968 1128 2028 sub·

109 2046 224 2104 latione.
244 2046 276 2100 4⁰
301 2045 404 2102 Wirreb.
422 2047 507 2105 1618.

70 2123 356 2184 BRUNNICHIUS
371 2127 513 2198 (nunriis)
530 2125 728 2203 Ichthyologia
742 2126 938 2194 Massiliensis,
950 2128 1052 2184 sistens
1065 2126 1129 2185 Pia·
1193 2167 1197 2177 .

112 2206 193 2263 cium
208 2201 422 2278 Descriptiones
434 2222 588 2279 eorrmqve
603 2203 682 2279 apud
692 2204 803 2261 incolas
818 2205 952 2263 Nomina.
975 2203 1130 2264 Accedunt

112 2282 133 2338 S
157 2282 211 2338 olia
226 2280 318 2338 Maris
332 2280 484 2339 Adriatici.
505 2284 536 2338 8⁰
557 2283 649 2351 Hufn.
664 2294 691 2338 et
704 2283 781 2356 Lips.
798 2283 884 2342 1768.

72 2304 286 2496 BRPDNljilIngS
297 2358 400 2494 {appi
414 2359 533 2417 ‘Iliados
553 2359 720 2418 Electoralis
734 2360 865 2416 Politicoe
888 2361 968 2416 Libri
988 2359 1058 2420 duo.
1099 2362 1131 2418 80

140 2460 165 2495 r.
181 2458 198 2494 a
274 2480 280 2492 .
377 2478 384 2493 .

73 2515 287 2577 BRUNNIUS
302 2517 435 2591 (sarcos)
451 2516 568 2573 Dissert.
582 2514 730 2574 Gradvalis
740 2514 778 2572 de
791 2514 864 2571 urbe
877 2513 973 2573 Torua
982 2517 1069 2594 eique
1079 2517 1130 2578 sd·

109 2594 271 2670 jacentibvs
285 2596 423 2669 paroecia.
443 2596 475 2650 4⁰
501 2595 595 2669 Upral.
612 2593 698 2652 1731.
1168 2618 1170 2628 ·

75 2672 346 2734 BRUNNMARK
361 2673 542 2748 (ousrnvus)
568 2674 596 2729 A
619 2672 706 2730 Short
728 2671 929 2730 Introduction
947 2669 981 2729 'to
1002 2671 1130 2732 Suedish

117 2753 276 2809 Grammar
286 2749 408 2826 adapted
422 2750 467 2809 for
480 2752 529 2808 the
542 2770 591 2809 use
604 2749 638 2809 of
647 2749 847 2827 Englishmcn.
871 2750 920 2810 12⁰
940 2751 1031 2810 Lond.
1047 2751 1133 2812 1805.

77 2830 233 2898 BRUNQ
247 2851 272 2888 v.
283 2848 384 2887 suoru.

79 2908 223 2968 BRUNO
240 2909 383 2983 (cunrsr.)
397 2928 422 2965 v.
438 2926 646 2968 rnrnnnrcrrus.

79 2987 225 3047 BRUNO
240 2991 331 3062 (snio.
346 2988 422 3058 ric.)
437 2987 482 3043 De
495 2986 644 3044 Glandvlis
658 2987 808 3044 renalibvs.
828 2987 862 3042 4⁰
879 2986 959 3044 And.
974 2987 1060 3046 losa.

80 3065 226 3124 BRUNO
240 3069 297 3199 (sla
314 3065 400 3136 nou.)
415 3065 533 3141 Disput.
547 3064 584 3123 de
598 3065 774 3122 crotalistria
794 3062 886 3140 tepidi
908 3069 1046 3143 temporis
1068 3067 1135 3126 hos·

142 3146 191 3201 ita.
212 3145 244 3199 4⁰
282 3143 350 3202 674.

82 3223 108 3281 B
140 3221 227 3280 UNO
242 3222 421 3297 (osoncrus)
431 3220 538 3279 Thesea
552 3222 649 3300 Inavg.
664 3221 701 3282 de
711 3220 831 3280 Calculo
844 3221 959 3281 Renum
971 3229 1001 3280 et
1011 3222 1134 3283 Vesicoe.

121 3302 154 3357 4⁰
175 3300 267 3376 Lnga.
282 3301 348 3357 Bae.
365 3299 449 3357 1616.

83 3377 228 3437 BRUNO
243 3383 318 3454 (ric.
336 3378 529 3447 riucnirrus)
545 3379 627 3457 Disp.
641 3377 677 3437 de
690 3380 862 3439 Trmoribrs
878 3388 988 3458 prater
1001 3390 1137 3442 naturam

122 3459 154 3514 in
168 3475 282 3535 genere.
304 3459 335 3513 4⁰
357 3456 434 3514 Aled.
451 3455 536 3514 1649.
818 3514 821 3522 ,

84 3566 243 3582 ---
257 3533 362 3593 ‘llreses
373 3533 500 3594 Medicae
511 3535 547 3593 de
558 3534 739 3615 Purgationis
752 3537 850 3606 modo,
859 3555 894 3596 ac
908 3537 959 3596 riis
972 3538 1010 3596 ad
1023 3538 1138 3598 Alvum.

66 3651 76 3671 .
126 3616 158 3672 40
179 3613 258 3672 Alrd.
275 3612 394 3688 [1652]

87 3725 246 3740 ---
260 3693 404 3766 Dogmata
420 3691 578 3752 Medicinae
593 3693 743 3772 generalia.
765 3695 797 3753 8⁰
816 3694 943 3754 Non‘mb.
959 3696 1047 3757 1670.

88 3804 245 3820 ...-
259 3769 393 3828 Remorae
409 3790 442 3828 ac
459 3772 667 3850 impedimenta
688 3773 869 3850 Purgationis
888 3775 917 3830 in
936 3777 1051 3852 scriptis
1066 3775 1141 3852 Hip·

126 3848 388 3930 pooratisdetecta,
408 3850 610 3919 demonstrata,
633 3851 812 3920 confirmata,
833 3853 860 3910 &
879 3851 1141 3913 Exercitatiouibur

127 3932 251 4007 qvinqve
265 3928 483 4004 comprehensa.
504 3930 535 3984 4⁰
553 3929 632 3987 Arra.
650 3928 734 3987 1676.

90 4008 233 4068 BRUNO
248 4005 305 4083 (S.)
323 4005 565 4065 Carrhasianorum
581 4008 758 4066 Parriorclra.
773 4027 799 4066 0.
815 4027 949 4069 saussnr.

94 4116 251 4131 —-—-
264 4086 360 4161 Opera
375 4088 401 4143 &
414 4084 490 4144 Vita.
512 4085 562 4144 sol.
583 4088 650 4145 Par.
667 4085 751 4145 1524.

95 4193 253 4210 --
266 4165 304 4224 Sa
317 4164 373 4224 Vie
385 4166 483 4242 peinte
496 4185 530 4224 au
544 4165 662 4224 Cloistre
676 4163 713 4220 de
727 4163 754 4222 10
767 4163 938 4224 Chartreuse
951 4163 988 4223 de
999 4165 1077 4225 Paris
1090 4183 1144 4243 par

131 4243 276 4383 iiii‘oeh‘
299 4245 326 4303 le
348 4244 438 4305 Sueur
460 4243 564 4324 gracie
587 4263 639 4324 par
663 4243 802 4319 Francois
821 4244 985 4304 Charueau.
1005 4243 1052 4304 foi
1077 4246 1143 4302 Par.

995 4400 1151 4464 61111Νο-
