<?xml version="1.0" encoding="UTF-8"?>
<!DOCTYPE html PUBLIC "-//W3C//DTD XHTML 1.0 Transitional//EN"
    "http://www.w3.org/TR/xhtml1/DTD/xhtml1-transitional.dtd">
<html xmlns="http://www.w3.org/1999/xhtml" xml:lang="en" lang="en">
 <head>
  <title>
</title>
<meta http-equiv="Content-Type" content="text/html;charset=utf-8" />
  <meta name='ocr-system' content='tesseract 3.04.00' />
  <meta name='ocr-capabilities' content='ocr_page ocr_carea ocr_par ocr_line ocrx_word'/>
</head>
<body>
  <div class='ocr_page' id='page_1' title='image "./librorumimpress03bookgoog_0349.png"; bbox 0 0 2566 4854; ppageno 0'>
   <div class='ocr_carea' id='block_1_1' title="bbox 602 246 772 325">
    <p class='ocr_par' dir='ltr' id='par_1_1' title="bbox 602 246 772 325">
     <span class='ocr_line' id='line_1_1' title="bbox 602 246 772 325; baseline 0.006 -1"><span class='ocrx_word' id='word_1_1' title='bbox 602 246 772 325; x_wconf 85' lang='lat' dir='ltr'>BAR</span> 
     </span>
    </p>
   </div>
   <div class='ocr_carea' id='block_1_2' title="bbox 156 394 1223 874">
    <p class='ocr_par' dir='ltr' id='par_1_2' title="bbox 157 394 1223 465">
     <span class='ocr_line' id='line_1_2' title="bbox 157 394 1223 465; baseline 0.003 -7"><span class='ocrx_word' id='word_1_2' title='bbox 157 396 293 462; x_wconf 65' lang='lat' dir='ltr'>BARRE</span> <span class='ocrx_word' id='word_1_3' title='bbox 308 394 454 464; x_wconf 75' lang='lat' dir='ltr'>(Coanteta</span> <span class='ocrx_word' id='word_1_4' title='bbox 467 394 517 465; x_wconf 83' lang='lat' dir='ltr'>de)</span> <span class='ocrx_word' id='word_1_5' title='bbox 533 395 597 456; x_wconf 86' lang='lat' dir='ltr'>&#39;I&#39;he</span> <span class='ocrx_word' id='word_1_6' title='bbox 611 399 773 458; x_wconf 83' lang='lat' dir='ltr'>Anthenttc</span> <span class='ocrx_word' id='word_1_7' title='bbox 793 399 936 460; x_wconf 85' lang='lat' dir='ltr'>Memoirs</span> <span class='ocrx_word' id='word_1_8' title='bbox 955 400 995 461; x_wconf 74' lang='lat' dir='ltr'>ot</span> <span class='ocrx_word' id='word_1_9' title='bbox 1005 401 1055 461; x_wconf 82' lang='lat' dir='ltr'>the</span> <span class='ocrx_word' id='word_1_10' title='bbox 1073 400 1223 461; x_wconf 80' lang='lat' dir='ltr'>Countoas</span> 
     </span>
    </p>

    <p class='ocr_par' dir='ltr' id='par_1_3' title="bbox 156 473 1221 874">
     <span class='ocr_line' id='line_1_3' title="bbox 195 473 1220 615; baseline 0.001 -75"><span class='ocrx_word' id='word_1_11' title='bbox 195 481 233 597; x_wconf 50' lang='lat' dir='ltr'>de</span> <span class='ocrx_word' id='word_1_12' title='bbox 248 473 427 615; x_wconf 43' lang='grc' dir='ltr'><strong>[113ἑὲεῇἓῖ</strong></span> <span class='ocrx_word' id='word_1_13' title='bbox 433 475 552 608; x_wconf 38' lang='grc' dir='ltr'><strong>,Εκηοὴ</strong></span> <span class='ocrx_word' id='word_1_14' title='bbox 573 477 666 558; x_wconf 76' lang='lat' dir='ltr'>Kings</span> <span class='ocrx_word' id='word_1_15' title='bbox 680 477 828 539; x_wconf 80' lang='lat' dir='ltr'>Mutress:</span> <span class='ocrx_word' id='word_1_16' title='bbox 848 479 890 559; x_wconf 83' lang='lat' dir='ltr'>by</span> <span class='ocrx_word' id='word_1_17' title='bbox 903 481 949 539; x_wconf 82' lang='lat' dir='ltr'>Sir</span> <span class='ocrx_word' id='word_1_18' title='bbox 961 480 1081 541; x_wconf 81' lang='lat' dir='ltr'>Francis</span> <span class='ocrx_word' id='word_1_19' title='bbox 1095 481 1220 541; x_wconf 83' lang='lat' dir='ltr'><strong>N—-.</strong></span> 
     </span>
     <span class='ocr_line' id='line_1_4' title="bbox 156 562 1221 719; baseline -0.001 -20"><span class='ocrx_word' id='word_1_20' title='bbox 156 562 300 699; x_wconf 49' lang='lat' dir='ltr'>Binan</span> <span class='ocrx_word' id='word_1_21' title='bbox 315 598 411 710; x_wconf 70' lang='lat' dir='ltr'>(ion.)</span> <span class='ocrx_word' id='word_1_22' title='bbox 426 632 544 694; x_wconf 80' lang='lat' dir='ltr'>Dissert.</span> <span class='ocrx_word' id='word_1_23' title='bbox 560 633 642 694; x_wconf 88' lang='lat' dir='ltr'>Med.</span> <span class='ocrx_word' id='word_1_24' title='bbox 657 634 759 716; x_wconf 80' lang='lat' dir='ltr'>inaug.</span> <span class='ocrx_word' id='word_1_25' title='bbox 770 636 807 700; x_wconf 89' lang='lat' dir='ltr'>de</span> <span class='ocrx_word' id='word_1_26' title='bbox 817 637 909 697; x_wconf 80' lang='lat' dir='ltr'>Venae</span> <span class='ocrx_word' id='word_1_27' title='bbox 920 638 1062 698; x_wconf 81' lang='lat' dir='ltr'><strong>sectione.</strong></span> <span class='ocrx_word' id='word_1_28' title='bbox 1075 636 1108 697; x_wconf 83' lang='grc'>40</span> <span class='ocrx_word' id='word_1_29' title='bbox 1120 638 1221 719; x_wconf 66' lang='lat' dir='ltr'>Lnga.</span> 
     </span>
     <span class='ocr_line' id='line_1_5' title="bbox 156 714 1221 874; baseline 0 -17"><span class='ocrx_word' id='word_1_30' title='bbox 156 714 444 870; x_wconf 58' lang='grc'><strong>111111161161511)</strong></span> <span class='ocrx_word' id='word_1_31' title='bbox 458 789 513 851; x_wconf 90' lang='lat' dir='ltr'>Vie</span> <span class='ocrx_word' id='word_1_32' title='bbox 528 790 567 851; x_wconf 86' lang='lat' dir='ltr'>de</span> <span class='ocrx_word' id='word_1_33' title='bbox 588 792 633 851; x_wconf 91' lang='grc' dir='ltr'>Μ.</span> <span class='ocrx_word' id='word_1_34' title='bbox 646 792 673 853; x_wconf 86' lang='lat' dir='ltr'>le</span> <span class='ocrx_word' id='word_1_35' title='bbox 687 795 820 874; x_wconf 81' lang='lat' dir='ltr'>Marquis</span> <span class='ocrx_word' id='word_1_36' title='bbox 842 795 880 856; x_wconf 85' lang='lat' dir='ltr'>de</span> <span class='ocrx_word' id='word_1_37' title='bbox 897 795 1012 856; x_wconf 70' lang='lat' dir='ltr'>faben.</span> <span class='ocrx_word' id='word_1_38' title='bbox 1031 796 1053 856; x_wconf 75' lang='lat'>2</span> <span class='ocrx_word' id='word_1_39' title='bbox 1072 782 1145 855; x_wconf 79' lang='lat' dir='ltr'>toni.</span> <span class='ocrx_word' id='word_1_40' title='bbox 1187 799 1221 857; x_wconf 82' lang='grc'>80</span> 
     </span>
    </p>
   </div>
   <div class='ocr_carea' id='block_1_3' title="bbox 75 871 367 935">
    <p class='ocr_par' dir='ltr' id='par_1_4' title="bbox 75 871 367 935">
     <span class='ocr_line' id='line_1_6' title="bbox 75 871 367 935; baseline -0.021 0"><span class='ocrx_word' id='word_1_41' title='bbox 75 885 79 899; x_wconf 85' lang='grc'><em>“</em></span> <span class='ocrx_word' id='word_1_42' title='bbox 196 879 264 935; x_wconf 82' lang='lat' dir='ltr'>Par.</span> <span class='ocrx_word' id='word_1_43' title='bbox 281 871 367 932; x_wconf 75' lang='lat'>1752.</span> 
     </span>
    </p>
   </div>
   <div class='ocr_carea' id='block_1_4' title="bbox 156 949 1211 1112">
    <p class='ocr_par' dir='ltr' id='par_1_5' title="bbox 156 949 1211 1112">
     <span class='ocr_line' id='line_1_7' title="bbox 156 949 1211 1034; baseline -0.013 -19"><span class='ocrx_word' id='word_1_44' title='bbox 156 954 294 1014; x_wconf 85' lang='lat' dir='ltr'><strong>BARRE</strong></span> <span class='ocrx_word' id='word_1_45' title='bbox 308 956 347 1026; x_wconf 73' lang='lat' dir='ltr'>(a.</span> <span class='ocrx_word' id='word_1_46' title='bbox 364 970 388 1007; x_wconf 77' lang='lat' dir='ltr'>n.</span> <span class='ocrx_word' id='word_1_47' title='bbox 404 967 444 1006; x_wconf 76' lang='lat' dir='ltr'>na</span> <span class='ocrx_word' id='word_1_48' title='bbox 458 949 507 1021; x_wconf 72' lang='lat' dir='ltr'>ti)</span> <span class='ocrx_word' id='word_1_49' title='bbox 523 950 567 1009; x_wconf 91' lang='lat' dir='ltr'>De</span> <span class='ocrx_word' id='word_1_50' title='bbox 582 950 708 1024; x_wconf 68' lang='lat' dir='ltr'>legatitis</span> <span class='ocrx_word' id='word_1_51' title='bbox 720 952 770 1011; x_wconf 82' lang='lat' dir='ltr'>dos</span> <span class='ocrx_word' id='word_1_52' title='bbox 778 951 858 1012; x_wconf 87' lang='lat' dir='ltr'>deux</span> <span class='ocrx_word' id='word_1_53' title='bbox 869 954 964 1024; x_wconf 76' lang='lat' dir='ltr'>Sexus,</span> <span class='ocrx_word' id='word_1_54' title='bbox 978 953 1117 1013; x_wconf 71' lang='lat' dir='ltr'>Disooun</span> <span class='ocrx_word' id='word_1_55' title='bbox 1128 953 1211 1034; x_wconf 75' lang='lat' dir='ltr'><strong>phy.</strong></span> 
     </span>
     <span class='ocr_line' id='line_1_8' title="bbox 194 1028 685 1112; baseline -0.01 -19"><span class='ocrx_word' id='word_1_56' title='bbox 194 1039 277 1112; x_wconf 82' lang='lat' dir='ltr'>sique</span> <span class='ocrx_word' id='word_1_57' title='bbox 291 1039 321 1090; x_wconf 89' lang='lat' dir='ltr'>et</span> <span class='ocrx_word' id='word_1_58' title='bbox 335 1028 438 1087; x_wconf 79' lang='lat' dir='ltr'>Motal.</span> <span class='ocrx_word' id='word_1_59' title='bbox 460 1029 491 1086; x_wconf 88' lang='grc'>80</span> <span class='ocrx_word' id='word_1_60' title='bbox 513 1030 581 1088; x_wconf 75' lang='lat' dir='ltr'><strong><em>Par.</em></strong></span> <span class='ocrx_word' id='word_1_61' title='bbox 599 1030 685 1089; x_wconf 88' lang='grc'><strong>1690.</strong></span> 
     </span>
    </p>
   </div>
   <div class='ocr_carea' id='block_1_5' title="bbox 144 1103 1281 4198">
    <p class='ocr_par' dir='ltr' id='par_1_6' title="bbox 154 1103 1217 1251">
     <span class='ocr_line' id='line_1_9' title="bbox 154 1103 1217 1193; baseline 0.008 -29"><span class='ocrx_word' id='word_1_62' title='bbox 154 1144 314 1164; x_wconf 77' lang='grc'>--</span> <span class='ocrx_word' id='word_1_63' title='bbox 327 1109 373 1166; x_wconf 88' lang='lat' dir='ltr'>De</span> <span class='ocrx_word' id='word_1_64' title='bbox 402 1103 608 1168; x_wconf 85' lang='lat' dir='ltr'>L&#39;Excellence</span> <span class='ocrx_word' id='word_1_65' title='bbox 630 1109 681 1168; x_wconf 78' lang='lat' dir='ltr'>dos</span> <span class='ocrx_word' id='word_1_66' title='bbox 704 1110 855 1181; x_wconf 73' lang='lat' dir='ltr'>Homines,</span> <span class='ocrx_word' id='word_1_67' title='bbox 882 1120 980 1172; x_wconf 83' lang='lat' dir='ltr'>contre</span> <span class='ocrx_word' id='word_1_68' title='bbox 1002 1108 1143 1193; x_wconf 65' lang='lat' dir='ltr'>t’ngaltte</span> <span class='ocrx_word' id='word_1_69' title='bbox 1164 1110 1217 1173; x_wconf 81' lang='lat' dir='ltr'>des</span> 
     </span>
     <span class='ocr_line' id='line_1_10' title="bbox 196 1185 535 1251; baseline -0.015 -1"><span class='ocrx_word' id='word_1_70' title='bbox 196 1193 291 1251; x_wconf 82' lang='lat' dir='ltr'>Sexes.</span> <span class='ocrx_word' id='word_1_71' title='bbox 313 1190 345 1246; x_wconf 88' lang='grc'>80</span> <span class='ocrx_word' id='word_1_72' title='bbox 365 1188 434 1244; x_wconf 83' lang='lat' dir='ltr'>Por.</span> <span class='ocrx_word' id='word_1_73' title='bbox 453 1185 535 1245; x_wconf 83' lang='grc'><strong>16911.</strong></span> 
     </span>
    </p>

    <p class='ocr_par' dir='ltr' id='par_1_7' title="bbox 155 1267 737 1344">
     <span class='ocr_line' id='line_1_11' title="bbox 155 1267 737 1344; baseline -0.009 -12"><span class='ocrx_word' id='word_1_74' title='bbox 155 1270 291 1332; x_wconf 82' lang='lat' dir='ltr'><strong>BARRE</strong></span> <span class='ocrx_word' id='word_1_75' title='bbox 305 1273 403 1344; x_wconf 76' lang='lat' dir='ltr'>(nsua.</span> <span class='ocrx_word' id='word_1_76' title='bbox 421 1283 460 1323; x_wconf 81' lang='lat' dir='ltr'>na</span> <span class='ocrx_word' id='word_1_77' title='bbox 473 1267 523 1340; x_wconf 74' lang='lat' dir='ltr'>ia)</span> <span class='ocrx_word' id='word_1_78' title='bbox 538 1287 563 1326; x_wconf 83' lang='lat' dir='ltr'>u.</span> <span class='ocrx_word' id='word_1_79' title='bbox 579 1286 737 1327; x_wconf 75' lang='lat' dir='ltr'>ausonius.</span> 
     </span>
    </p>

    <p class='ocr_par' dir='ltr' id='par_1_8' title="bbox 154 1344 1191 1409">
     <span class='ocr_line' id='line_1_12' title="bbox 154 1344 1191 1409; baseline 0.008 -9"><span class='ocrx_word' id='word_1_80' title='bbox 154 1383 312 1399; x_wconf 89' lang='lat'><em>..-—</em></span> <span class='ocrx_word' id='word_1_81' title='bbox 327 1345 458 1403; x_wconf 81' lang='lat' dir='ltr'>Historia</span> <span class='ocrx_word' id='word_1_82' title='bbox 471 1344 634 1404; x_wconf 79' lang='lat' dir='ltr'>Christiana</span> <span class='ocrx_word' id='word_1_83' title='bbox 648 1360 777 1408; x_wconf 84' lang='lat' dir='ltr'>veterum</span> <span class='ocrx_word' id='word_1_84' title='bbox 792 1349 922 1408; x_wconf 77' lang='lat' dir='ltr'>Panum.</span> <span class='ocrx_word' id='word_1_85' title='bbox 942 1348 990 1409; x_wconf 83' lang='lat' dir='ltr'>soi.</span> <span class='ocrx_word' id='word_1_86' title='bbox 1013 1349 1082 1408; x_wconf 77' lang='lat' dir='ltr'>Por.</span> <span class='ocrx_word' id='word_1_87' title='bbox 1099 1347 1191 1409; x_wconf 64' lang='lat'><strong>1⁵⁸3.</strong></span> 
     </span>
    </p>

    <p class='ocr_par' dir='ltr' id='par_1_9' title="bbox 153 1424 1219 1808">
     <span class='ocr_line' id='line_1_13' title="bbox 153 1424 1219 1506; baseline 0.01 -27"><span class='ocrx_word' id='word_1_88' title='bbox 153 1462 312 1491; x_wconf 66' lang='grc'><strong>---,-</strong></span> <span class='ocrx_word' id='word_1_89' title='bbox 325 1425 384 1484; x_wconf 86' lang='lat' dir='ltr'>Des</span> <span class='ocrx_word' id='word_1_90' title='bbox 403 1425 523 1493; x_wconf 85' lang='lat' dir='ltr'>Saincts,</span> <span class='ocrx_word' id='word_1_91' title='bbox 544 1426 658 1484; x_wconf 81' lang='lat' dir='ltr'>Oeuvre</span> <span class='ocrx_word' id='word_1_92' title='bbox 677 1428 744 1486; x_wconf 89' lang='lat' dir='ltr'>utile</span> <span class='ocrx_word' id='word_1_93' title='bbox 758 1447 776 1485; x_wconf 85' lang='lat' dir='ltr'>a</span> <span class='ocrx_word' id='word_1_94' title='bbox 789 1438 851 1487; x_wconf 91' lang='lat' dir='ltr'>tous</span> <span class='ocrx_word' id='word_1_95' title='bbox 864 1428 970 1488; x_wconf 82' lang='lat' dir='ltr'>{idelies</span> <span class='ocrx_word' id='word_1_96' title='bbox 983 1424 1175 1506; x_wconf 78' lang='lat' dir='ltr'>Catholiques</span> <span class='ocrx_word' id='word_1_97' title='bbox 1187 1440 1219 1490; x_wconf 84' lang='lat' dir='ltr'>et</span> 
     </span>
     <span class='ocr_line' id='line_1_14' title="bbox 193 1503 1217 1586; baseline -0.003 -17"><span class='ocrx_word' id='word_1_98' title='bbox 193 1510 360 1569; x_wconf 80' lang='lat' dir='ltr'>Chrestiens</span> <span class='ocrx_word' id='word_1_99' title='bbox 374 1505 424 1582; x_wconf 87' lang='lat' dir='ltr'>qui</span> <span class='ocrx_word' id='word_1_100' title='bbox 438 1503 563 1563; x_wconf 85' lang='lat' dir='ltr'>desirent</span> <span class='ocrx_word' id='word_1_101' title='bbox 576 1507 691 1578; x_wconf 70' lang='lat' dir='ltr'>seauoir</span> <span class='ocrx_word' id='word_1_102' title='bbox 703 1507 743 1565; x_wconf 88' lang='lat' dir='ltr'>ies</span> <span class='ocrx_word' id='word_1_103' title='bbox 756 1508 863 1566; x_wconf 65' lang='lat' dir='ltr'>bonnm</span> <span class='ocrx_word' id='word_1_104' title='bbox 876 1509 983 1585; x_wconf 84' lang='lat' dir='ltr'>parties</span> <span class='ocrx_word' id='word_1_105' title='bbox 995 1508 1023 1565; x_wconf 84' lang='lat'>&amp;</span> <span class='ocrx_word' id='word_1_106' title='bbox 1035 1504 1167 1586; x_wconf 80' lang='lat' dir='ltr'>qualitez</span> <span class='ocrx_word' id='word_1_107' title='bbox 1177 1508 1217 1567; x_wconf 88' lang='lat' dir='ltr'>de</span> 
     </span>
     <span class='ocr_line' id='line_1_15' title="bbox 194 1581 1215 1665; baseline -0.002 -17"><span class='ocrx_word' id='word_1_108' title='bbox 194 1608 269 1648; x_wconf 82' lang='lat' dir='ltr'>ceux</span> <span class='ocrx_word' id='word_1_109' title='bbox 284 1605 342 1665; x_wconf 88' lang='lat' dir='ltr'>que</span> <span class='ocrx_word' id='word_1_110' title='bbox 356 1581 473 1660; x_wconf 84' lang='lat' dir='ltr'>l&#39;Eglise</span> <span class='ocrx_word' id='word_1_111' title='bbox 487 1584 598 1663; x_wconf 82' lang='lat' dir='ltr'>appelle</span> <span class='ocrx_word' id='word_1_112' title='bbox 611 1585 740 1660; x_wconf 85' lang='lat' dir='ltr'>Saincts3</span> <span class='ocrx_word' id='word_1_113' title='bbox 754 1597 783 1645; x_wconf 91' lang='lat' dir='ltr'>et</span> <span class='ocrx_word' id='word_1_114' title='bbox 795 1585 832 1645; x_wconf 91' lang='lat' dir='ltr'>de</span> <span class='ocrx_word' id='word_1_115' title='bbox 844 1587 910 1664; x_wconf 88' lang='lat' dir='ltr'>quel</span> <span class='ocrx_word' id='word_1_116' title='bbox 924 1586 1057 1646; x_wconf 81' lang='lat' dir='ltr'>honneur</span> <span class='ocrx_word' id='word_1_117' title='bbox 1070 1587 1105 1645; x_wconf 84' lang='lat' dir='ltr'>ils</span> <span class='ocrx_word' id='word_1_118' title='bbox 1117 1587 1215 1646; x_wconf 72' lang='lat' dir='ltr'>sonti</span> 
     </span>
     <span class='ocr_line' id='line_1_16' title="bbox 193 1663 1213 1745; baseline -0.001 -18"><span class='ocrx_word' id='word_1_119' title='bbox 193 1678 347 1745; x_wconf 79' lang='lat' dir='ltr'>respectet,</span> <span class='ocrx_word' id='word_1_120' title='bbox 367 1664 393 1721; x_wconf 75' lang='grc' dir='ltr'>δι</span> <span class='ocrx_word' id='word_1_121' title='bbox 407 1672 558 1722; x_wconf 88' lang='lat' dir='ltr'><strong>comment</strong></span> <span class='ocrx_word' id='word_1_122' title='bbox 570 1663 603 1722; x_wconf 87' lang='lat' dir='ltr'>iis</span> <span class='ocrx_word' id='word_1_123' title='bbox 616 1682 646 1721; x_wconf 85' lang='lat' dir='ltr'>se</span> <span class='ocrx_word' id='word_1_124' title='bbox 659 1663 780 1724; x_wconf 86' lang='lat' dir='ltr'>doiuent</span> <span class='ocrx_word' id='word_1_125' title='bbox 793 1666 881 1743; x_wconf 74' lang='lat' dir='ltr'>paics,</span> <span class='ocrx_word' id='word_1_126' title='bbox 901 1666 1004 1737; x_wconf 75' lang='lat' dir='ltr'>seruit,</span> <span class='ocrx_word' id='word_1_127' title='bbox 1018 1663 1213 1726; x_wconf 63' lang='lat' dir='ltr'>&amp;meumes</span> 
     </span>
     <span class='ocr_line' id='line_1_17' title="bbox 192 1741 538 1808; baseline -0.029 0"><span class='ocrx_word' id='word_1_128' title='bbox 192 1752 296 1808; x_wconf 72' lang='lat' dir='ltr'>2tom.</span> <span class='ocrx_word' id='word_1_129' title='bbox 318 1746 349 1804; x_wconf 85' lang='lat'>8⁰</span> <span class='ocrx_word' id='word_1_130' title='bbox 369 1743 437 1799; x_wconf 84' lang='lat' dir='ltr'>Por.</span> <span class='ocrx_word' id='word_1_131' title='bbox 453 1741 538 1801; x_wconf 89' lang='grc'><strong>1619.</strong></span> 
     </span>
    </p>

    <p class='ocr_par' dir='ltr' id='par_1_10' title="bbox 152 1820 1219 2040">
     <span class='ocr_line' id='line_1_18' title="bbox 152 1820 1219 1901; baseline -0.005 -13"><span class='ocrx_word' id='word_1_132' title='bbox 152 1824 291 1888; x_wconf 81' lang='lat' dir='ltr'><strong>BARRE</strong></span> <span class='ocrx_word' id='word_1_133' title='bbox 304 1829 353 1901; x_wconf 76' lang='lat' dir='ltr'>(iu</span> <span class='ocrx_word' id='word_1_134' title='bbox 365 1840 476 1883; x_wconf 75' lang='lat' dir='ltr'>rsnvna</span> <span class='ocrx_word' id='word_1_135' title='bbox 489 1839 528 1878; x_wconf 80' lang='lat' dir='ltr'>nn</span> <span class='ocrx_word' id='word_1_136' title='bbox 542 1822 592 1895; x_wconf 77' lang='lat' dir='ltr'>aa)</span> <span class='ocrx_word' id='word_1_137' title='bbox 605 1820 788 1900; x_wconf 81' lang='lat' dir='ltr'>Description</span> <span class='ocrx_word' id='word_1_138' title='bbox 798 1822 834 1883; x_wconf 84' lang='lat' dir='ltr'>de</span> <span class='ocrx_word' id='word_1_139' title='bbox 844 1823 873 1883; x_wconf 86' lang='lat' dir='ltr'>ia</span> <span class='ocrx_word' id='word_1_140' title='bbox 886 1823 997 1883; x_wconf 79' lang='lat' dir='ltr'>Franco</span> <span class='ocrx_word' id='word_1_141' title='bbox 1056 1823 1219 1883; x_wconf 78' lang='lat' dir='ltr'>uinoctiate</span> 
     </span>
     <span class='ocr_line' id='line_1_19' title="bbox 190 1899 1213 2037; baseline -0.001 -73"><span class='ocrx_word' id='word_1_142' title='bbox 190 1905 348 2037; x_wconf 55' lang='lat' dir='ltr'>ey-devan{</span> <span class='ocrx_word' id='word_1_143' title='bbox 361 1899 492 2036; x_wconf 55' lang='lat' dir='ltr'>aggeiiee</span> <span class='ocrx_word' id='word_1_144' title='bbox 505 1903 655 1978; x_wconf 85' lang='lat' dir='ltr'>Gvyanne,</span> <span class='ocrx_word' id='word_1_145' title='bbox 674 1912 704 1959; x_wconf 89' lang='lat' dir='ltr'>et</span> <span class='ocrx_word' id='word_1_146' title='bbox 717 1920 770 1979; x_wconf 86' lang='lat' dir='ltr'>par</span> <span class='ocrx_word' id='word_1_147' title='bbox 789 1902 829 1961; x_wconf 77' lang='lat' dir='ltr'>los</span> <span class='ocrx_word' id='word_1_148' title='bbox 849 1901 1006 1981; x_wconf 77' lang='lat' dir='ltr'>Espagnols</span> <span class='ocrx_word' id='word_1_149' title='bbox 1082 1900 1213 1963; x_wconf 82' lang='lat' dir='ltr'>Dorndo.</span> 
     </span>
     <span class='ocr_line' id='line_1_20' title="bbox 192 1982 421 2040; baseline -0.026 0"><span class='ocrx_word' id='word_1_150' title='bbox 192 1986 225 2040; x_wconf 86' lang='grc'>40</span> <span class='ocrx_word' id='word_1_151' title='bbox 247 1985 313 2039; x_wconf 80' lang='lat' dir='ltr'>Por.</span> <span class='ocrx_word' id='word_1_152' title='bbox 352 1982 372 2037; x_wconf 84' lang='lat'><strong>6</strong></span> <span class='ocrx_word' id='word_1_153' title='bbox 414 2022 421 2034; x_wconf 92' lang='lat'><strong>.</strong></span> 
     </span>
    </p>

    <p class='ocr_par' dir='ltr' id='par_1_11' title="bbox 152 2058 1214 2139">
     <span class='ocr_line' id='line_1_21' title="bbox 152 2058 1214 2139; baseline 0.001 -20"><span class='ocrx_word' id='word_1_154' title='bbox 152 2062 290 2124; x_wconf 85' lang='lat' dir='ltr'><strong>BARRE</strong></span> <span class='ocrx_word' id='word_1_155' title='bbox 305 2061 401 2137; x_wconf 74' lang='lat' dir='ltr'>(Sicor</span> <span class='ocrx_word' id='word_1_156' title='bbox 414 2076 452 2115; x_wconf 79' lang='lat' dir='ltr'>ua</span> <span class='ocrx_word' id='word_1_157' title='bbox 465 2059 514 2132; x_wconf 79' lang='lat' dir='ltr'>ta)</span> <span class='ocrx_word' id='word_1_158' title='bbox 531 2058 584 2125; x_wconf 81' lang='lat' dir='ltr'>Les</span> <span class='ocrx_word' id='word_1_159' title='bbox 598 2058 709 2132; x_wconf 70' lang='lat' dir='ltr'>Leeons</span> <span class='ocrx_word' id='word_1_160' title='bbox 720 2059 922 2139; x_wconf 85' lang='lat' dir='ltr'>pubiiquesdu</span> <span class='ocrx_word' id='word_1_161' title='bbox 933 2061 1015 2122; x_wconf 86' lang='lat' dir='ltr'>Sieur</span> <span class='ocrx_word' id='word_1_162' title='bbox 1025 2059 1062 2119; x_wconf 87' lang='lat' dir='ltr'>de</span> <span class='ocrx_word' id='word_1_163' title='bbox 1072 2059 1100 2120; x_wconf 74' lang='lat' dir='ltr'>ta</span> <span class='ocrx_word' id='word_1_164' title='bbox 1109 2060 1214 2130; x_wconf 75' lang='lat' dir='ltr'>Bane,</span> 
     </span>
    </p>

    <p class='ocr_par' dir='ltr' id='par_1_12' title="bbox 191 2135 1210 2295">
     <span class='ocr_line' id='line_1_22' title="bbox 214 2135 1210 2219; baseline 0.002 -22"><span class='ocrx_word' id='word_1_165' title='bbox 214 2143 284 2200; x_wconf 81' lang='lat' dir='ltr'>risos</span> <span class='ocrx_word' id='word_1_166' title='bbox 305 2156 356 2197; x_wconf 87' lang='lat' dir='ltr'>sur</span> <span class='ocrx_word' id='word_1_167' title='bbox 379 2137 418 2195; x_wconf 87' lang='lat' dir='ltr'>ies</span> <span class='ocrx_word' id='word_1_168' title='bbox 441 2135 594 2195; x_wconf 82' lang='lat' dir='ltr'>Questions</span> <span class='ocrx_word' id='word_1_169' title='bbox 613 2139 756 2196; x_wconf 72' lang='lat' dir='ltr'>cunienses</span> <span class='ocrx_word' id='word_1_170' title='bbox 779 2149 808 2196; x_wconf 90' lang='lat' dir='ltr'>et</span> <span class='ocrx_word' id='word_1_171' title='bbox 821 2140 1063 2219; x_wconf 82' lang='lat' dir='ltr'>problematiques</span> <span class='ocrx_word' id='word_1_172' title='bbox 1076 2138 1128 2198; x_wconf 81' lang='lat' dir='ltr'>des</span> <span class='ocrx_word' id='word_1_173' title='bbox 1141 2139 1210 2218; x_wconf 79' lang='lat' dir='ltr'>pius</span> 
     </span>
     <span class='ocr_line' id='line_1_23' title="bbox 191 2161 893 2295; baseline -0.001 -18"><span class='ocrx_word' id='word_1_174' title='bbox 191 2161 285 2277; x_wconf 56' lang='lat' dir='ltr'>geaux</span> <span class='ocrx_word' id='word_1_175' title='bbox 299 2219 402 2292; x_wconf 83' lang='lat' dir='ltr'>esprits</span> <span class='ocrx_word' id='word_1_176' title='bbox 414 2213 450 2271; x_wconf 87' lang='lat' dir='ltr'>de</span> <span class='ocrx_word' id='word_1_177' title='bbox 465 2232 499 2272; x_wconf 91' lang='lat' dir='ltr'>ce</span> <span class='ocrx_word' id='word_1_178' title='bbox 512 2226 617 2293; x_wconf 66' lang='lat' dir='ltr'>temps.</span> <span class='ocrx_word' id='word_1_179' title='bbox 638 2219 670 2274; x_wconf 89' lang='lat'>8⁰</span> <span class='ocrx_word' id='word_1_180' title='bbox 691 2217 790 2295; x_wconf 75' lang='lat' dir='ltr'>laeyde.</span> <span class='ocrx_word' id='word_1_181' title='bbox 807 2217 893 2278; x_wconf 84' lang='grc'><strong>1644.</strong></span> 
     </span>
    </p>

    <p class='ocr_par' dir='ltr' id='par_1_13' title="bbox 154 2294 1215 2515">
     <span class='ocr_line' id='line_1_24' title="bbox 154 2294 1212 2376; baseline 0 -18"><span class='ocrx_word' id='word_1_182' title='bbox 154 2297 363 2359; x_wconf 83' lang='lat' dir='ltr'>BARREIRA</span> <span class='ocrx_word' id='word_1_183' title='bbox 378 2299 513 2370; x_wconf 78' lang='lat' dir='ltr'>(tsinono</span> <span class='ocrx_word' id='word_1_184' title='bbox 530 2295 582 2366; x_wconf 83' lang='lat' dir='ltr'>ua)</span> <span class='ocrx_word' id='word_1_185' title='bbox 598 2294 745 2355; x_wconf 77' lang='lat' dir='ltr'>Tractatio</span> <span class='ocrx_word' id='word_1_186' title='bbox 759 2294 809 2355; x_wconf 89' lang='lat' dir='ltr'>das</span> <span class='ocrx_word' id='word_1_187' title='bbox 824 2298 1045 2376; x_wconf 82' lang='lat' dir='ltr'>Significaooens</span> <span class='ocrx_word' id='word_1_188' title='bbox 1058 2295 1110 2356; x_wconf 80' lang='lat' dir='ltr'>das</span> <span class='ocrx_word' id='word_1_189' title='bbox 1121 2295 1212 2358; x_wconf 80' lang='lat' dir='ltr'>Plan·</span> 
     </span>
     <span class='ocr_line' id='line_1_25' title="bbox 192 2373 1215 2511; baseline -0.001 -74"><span class='ocrx_word' id='word_1_190' title='bbox 192 2389 245 2448; x_wconf 87' lang='lat' dir='ltr'>tas,</span> <span class='ocrx_word' id='word_1_191' title='bbox 266 2379 372 2511; x_wconf 54' lang='lat' dir='ltr'>Fioreg,</span> <span class='ocrx_word' id='word_1_192' title='bbox 385 2392 401 2431; x_wconf 92' lang='lat' dir='ltr'>e</span> <span class='ocrx_word' id='word_1_193' title='bbox 416 2373 537 2431; x_wconf 84' lang='lat' dir='ltr'>Fructos</span> <span class='ocrx_word' id='word_1_194' title='bbox 550 2391 609 2451; x_wconf 81' lang='lat' dir='ltr'>que</span> <span class='ocrx_word' id='word_1_195' title='bbox 622 2394 652 2434; x_wconf 87' lang='lat' dir='ltr'>se</span> <span class='ocrx_word' id='word_1_196' title='bbox 665 2374 787 2434; x_wconf 84' lang='lat' dir='ltr'>referem</span> <span class='ocrx_word' id='word_1_197' title='bbox 801 2396 840 2435; x_wconf 84' lang='lat' dir='ltr'>un</span> <span class='ocrx_word' id='word_1_198' title='bbox 852 2375 973 2461; x_wconf 79' lang='lat' dir='ltr'>sagrada</span> <span class='ocrx_word' id='word_1_199' title='bbox 986 2378 1166 2456; x_wconf 77' lang='lat' dir='ltr'>Fseriptura.</span> <span class='ocrx_word' id='word_1_200' title='bbox 1180 2380 1215 2436; x_wconf 87' lang='grc'>40</span> 
     </span>
     <span class='ocr_line' id='line_1_26' title="bbox 192 2456 620 2515; baseline -0.007 0"><span class='ocrx_word' id='word_1_201' title='bbox 192 2457 269 2515; x_wconf 72' lang='lat' dir='ltr'>Lot.</span> <span class='ocrx_word' id='word_1_202' title='bbox 285 2456 342 2515; x_wconf 72' lang='lat'>162</span> <span class='ocrx_word' id='word_1_203' title='bbox 362 2497 371 2510; x_wconf 88' lang='lat'><strong>.</strong></span> <span class='ocrx_word' id='word_1_204' title='bbox 618 2457 620 2462; x_wconf 86' lang='lat'>&#39;</span> 
     </span>
    </p>

    <p class='ocr_par' dir='ltr' id='par_1_14' title="bbox 152 2522 1214 2849">
     <span class='ocr_line' id='line_1_27' title="bbox 152 2522 1213 2615; baseline -0.003 -18"><span class='ocrx_word' id='word_1_205' title='bbox 152 2533 384 2597; x_wconf 84' lang='lat' dir='ltr'>BARREIROS</span> <span class='ocrx_word' id='word_1_206' title='bbox 408 2533 550 2609; x_wconf 65' lang='lat' dir='ltr'>(ousion)</span> <span class='ocrx_word' id='word_1_207' title='bbox 575 2532 793 2614; x_wconf 83' lang='lat' dir='ltr'>Chorographia</span> <span class='ocrx_word' id='word_1_208' title='bbox 817 2534 853 2594; x_wconf 87' lang='lat' dir='ltr'>de</span> <span class='ocrx_word' id='word_1_209' title='bbox 876 2535 976 2615; x_wconf 74' lang='lat' dir='ltr'>aiguno</span> <span class='ocrx_word' id='word_1_210' title='bbox 1000 2522 1128 2613; x_wconf 70' lang='lat' dir='ltr'>Luga&#39;ro</span> <span class='ocrx_word' id='word_1_211' title='bbox 1150 2555 1213 2614; x_wconf 89' lang='lat' dir='ltr'>que</span> 
     </span>
     <span class='ocr_line' id='line_1_28' title="bbox 190 2612 1214 2692; baseline -0.001 -17"><span class='ocrx_word' id='word_1_212' title='bbox 190 2625 265 2675; x_wconf 88' lang='lat' dir='ltr'>stam</span> <span class='ocrx_word' id='word_1_213' title='bbox 285 2634 332 2673; x_wconf 85' lang='lat' dir='ltr'>em</span> <span class='ocrx_word' id='word_1_214' title='bbox 356 2613 429 2670; x_wconf 79' lang='lat' dir='ltr'>huin</span> <span class='ocrx_word' id='word_1_215' title='bbox 450 2612 596 2682; x_wconf 83' lang='lat' dir='ltr'>eaminlio,</span> <span class='ocrx_word' id='word_1_216' title='bbox 616 2632 673 2692; x_wconf 87' lang='lat' dir='ltr'>que</span> <span class='ocrx_word' id='word_1_217' title='bbox 696 2614 742 2672; x_wconf 80' lang='lat' dir='ltr'>sez</span> <span class='ocrx_word' id='word_1_218' title='bbox 761 2616 873 2692; x_wconf 87' lang='lat' dir='ltr'>Gaspar</span> <span class='ocrx_word' id='word_1_219' title='bbox 887 2617 1034 2673; x_wconf 83' lang='lat' dir='ltr'>Barreiros</span> <span class='ocrx_word' id='word_1_220' title='bbox 1050 2615 1067 2671; x_wconf 83' lang='lat'>6</span> <span class='ocrx_word' id='word_1_221' title='bbox 1081 2633 1160 2673; x_wconf 85' lang='lat' dir='ltr'>anno</span> <span class='ocrx_word' id='word_1_222' title='bbox 1174 2614 1214 2674; x_wconf 85' lang='lat' dir='ltr'>de</span> 
     </span>
     <span class='ocr_line' id='line_1_29' title="bbox 192 2690 1214 2770; baseline 0 -17"><span class='ocrx_word' id='word_1_223' title='bbox 192 2695 378 2767; x_wconf 84' lang='lat' dir='ltr'>u.n.xxxxvj.</span> <span class='ocrx_word' id='word_1_224' title='bbox 396 2691 552 2764; x_wconf 69' lang='lat' dir='ltr'>comeqado</span> <span class='ocrx_word' id='word_1_225' title='bbox 572 2711 608 2749; x_wconf 89' lang='lat' dir='ltr'>na</span> <span class='ocrx_word' id='word_1_226' title='bbox 630 2690 731 2751; x_wconf 86' lang='lat' dir='ltr'>cidade</span> <span class='ocrx_word' id='word_1_227' title='bbox 744 2693 780 2752; x_wconf 92' lang='lat' dir='ltr'>de</span> <span class='ocrx_word' id='word_1_228' title='bbox 795 2693 920 2770; x_wconf 88' lang='lat' dir='ltr'>Badajoz</span> <span class='ocrx_word' id='word_1_229' title='bbox 934 2713 981 2752; x_wconf 90' lang='lat' dir='ltr'>em</span> <span class='ocrx_word' id='word_1_230' title='bbox 996 2692 1128 2760; x_wconf 79' lang='lat' dir='ltr'>Castella,</span> <span class='ocrx_word' id='word_1_231' title='bbox 1148 2704 1179 2752; x_wconf 88' lang='lat' dir='ltr'>te</span> <span class='ocrx_word' id='word_1_232' title='bbox 1194 2695 1214 2753; x_wconf 69' lang='lat' dir='ltr'>a</span> 
     </span>
     <span class='ocr_line' id='line_1_30' title="bbox 190 2770 1175 2849; baseline -0.001 -17"><span class='ocrx_word' id='word_1_233' title='bbox 190 2773 227 2832; x_wconf 88' lang='lat' dir='ltr'>de</span> <span class='ocrx_word' id='word_1_234' title='bbox 243 2774 346 2832; x_wconf 88' lang='lat' dir='ltr'>Miiam</span> <span class='ocrx_word' id='word_1_235' title='bbox 360 2791 408 2828; x_wconf 84' lang='lat' dir='ltr'>em</span> <span class='ocrx_word' id='word_1_236' title='bbox 424 2770 512 2838; x_wconf 83' lang='lat' dir='ltr'>Italia,</span> <span class='ocrx_word' id='word_1_237' title='bbox 532 2770 567 2828; x_wconf 77' lang='lat' dir='ltr'>co</span> <span class='ocrx_word' id='word_1_238' title='bbox 580 2772 677 2849; x_wconf 75' lang='lat' dir='ltr'>aiguas</span> <span class='ocrx_word' id='word_1_239' title='bbox 690 2782 786 2832; x_wconf 82' lang='lat' dir='ltr'>outras</span> <span class='ocrx_word' id='word_1_240' title='bbox 799 2774 891 2832; x_wconf 80' lang='lat' dir='ltr'>obras.</span> <span class='ocrx_word' id='word_1_241' title='bbox 911 2775 943 2830; x_wconf 81' lang='lat'>4⁰</span> <span class='ocrx_word' id='word_1_242' title='bbox 966 2772 1069 2830; x_wconf 69' lang='lat' dir='ltr'>coint.</span> <span class='ocrx_word' id='word_1_243' title='bbox 1087 2771 1175 2831; x_wconf 80' lang='grc'><strong>1561.</strong></span> 
     </span>
    </p>

    <p class='ocr_par' dir='ltr' id='par_1_15' title="bbox 151 2850 1215 3230">
     <span class='ocr_line' id='line_1_31' title="bbox 151 2850 1212 2931; baseline 0.001 -19"><span class='ocrx_word' id='word_1_244' title='bbox 151 2850 435 2912; x_wconf 80' lang='lat' dir='ltr'>BARRELIERUS</span> <span class='ocrx_word' id='word_1_245' title='bbox 451 2852 607 2924; x_wconf 76' lang='lat' dir='ltr'>(sseoaus)</span> <span class='ocrx_word' id='word_1_246' title='bbox 622 2851 729 2909; x_wconf 85' lang='lat' dir='ltr'>Plantae</span> <span class='ocrx_word' id='word_1_247' title='bbox 749 2870 801 2928; x_wconf 85' lang='lat' dir='ltr'>per</span> <span class='ocrx_word' id='word_1_248' title='bbox 822 2853 953 2920; x_wconf 81' lang='lat' dir='ltr'>Galliam,</span> <span class='ocrx_word' id='word_1_249' title='bbox 976 2852 1159 2931; x_wconf 78' lang='lat' dir='ltr'>Hispaniam,</span> <span class='ocrx_word' id='word_1_250' title='bbox 1180 2864 1212 2913; x_wconf 88' lang='lat' dir='ltr'>et</span> 
     </span>
     <span class='ocr_line' id='line_1_32' title="bbox 192 2929 1215 3010; baseline 0 -20"><span class='ocrx_word' id='word_1_251' title='bbox 192 2931 304 2990; x_wconf 86' lang='lat' dir='ltr'>Italiam</span> <span class='ocrx_word' id='word_1_252' title='bbox 319 2931 487 2995; x_wconf 83' lang='lat' dir='ltr'>observatae,</span> <span class='ocrx_word' id='word_1_253' title='bbox 502 2929 637 2988; x_wconf 84' lang='lat' dir='ltr'>leonibus</span> <span class='ocrx_word' id='word_1_254' title='bbox 648 2931 898 3003; x_wconf 82' lang='lat' dir='ltr'>aeneisexhibitae;</span> <span class='ocrx_word' id='word_1_255' title='bbox 913 2930 998 3010; x_wconf 88' lang='lat' dir='ltr'>Opus</span> <span class='ocrx_word' id='word_1_256' title='bbox 1009 2932 1215 3008; x_wconf 83' lang='lat' dir='ltr'>posthumum,</span> 
     </span>
     <span class='ocr_line' id='line_1_33' title="bbox 189 3007 1212 3085; baseline -0.001 -15"><span class='ocrx_word' id='word_1_257' title='bbox 189 3019 344 3070; x_wconf 78' lang='lat' dir='ltr'>accuranta</span> <span class='ocrx_word' id='word_1_258' title='bbox 362 3009 491 3068; x_wconf 88' lang='lat' dir='ltr'>Antonio</span> <span class='ocrx_word' id='word_1_259' title='bbox 511 3007 548 3065; x_wconf 87' lang='lat' dir='ltr'>de</span> <span class='ocrx_word' id='word_1_260' title='bbox 559 3008 685 3068; x_wconf 86' lang='lat' dir='ltr'>Jussieu.</span> <span class='ocrx_word' id='word_1_261' title='bbox 726 3009 780 3066; x_wconf 87' lang='lat' dir='ltr'>Cui</span> <span class='ocrx_word' id='word_1_262' title='bbox 796 3011 915 3068; x_wconf 88' lang='lat' dir='ltr'>accessit</span> <span class='ocrx_word' id='word_1_263' title='bbox 927 3009 1054 3085; x_wconf 86' lang='lat' dir='ltr'>ejusdem</span> <span class='ocrx_word' id='word_1_264' title='bbox 1069 3009 1212 3069; x_wconf 79' lang='lat' dir='ltr'>Auctoris</span> 
     </span>
     <span class='ocr_line' id='line_1_34' title="bbox 192 3088 1213 3170; baseline 0 -20"><span class='ocrx_word' id='word_1_265' title='bbox 192 3092 345 3170; x_wconf 77' lang='lat' dir='ltr'>specimen</span> <span class='ocrx_word' id='word_1_266' title='bbox 361 3089 397 3147; x_wconf 88' lang='lat' dir='ltr'>de</span> <span class='ocrx_word' id='word_1_267' title='bbox 413 3088 532 3146; x_wconf 89' lang='lat' dir='ltr'>Insectis</span> <span class='ocrx_word' id='word_1_268' title='bbox 546 3088 720 3164; x_wconf 89' lang='lat' dir='ltr'>quibusdam</span> <span class='ocrx_word' id='word_1_269' title='bbox 738 3091 866 3158; x_wconf 85' lang='lat' dir='ltr'>marinis,</span> <span class='ocrx_word' id='word_1_270' title='bbox 886 3089 1031 3158; x_wconf 85' lang='lat' dir='ltr'>mollibus,</span> <span class='ocrx_word' id='word_1_271' title='bbox 1052 3092 1213 3150; x_wconf 76' lang='lat' dir='ltr'>crustaceis</span> 
     </span>
     <span class='ocr_line' id='line_1_35' title="bbox 189 3166 944 3230; baseline -0.012 -1"><span class='ocrx_word' id='word_1_272' title='bbox 189 3184 219 3230; x_wconf 85' lang='lat' dir='ltr'>et</span> <span class='ocrx_word' id='word_1_273' title='bbox 233 3173 371 3229; x_wconf 80' lang='lat' dir='ltr'>testaceis.</span> <span class='ocrx_word' id='word_1_274' title='bbox 392 3167 440 3225; x_wconf 82' lang='lat' dir='ltr'>tol.</span> <span class='ocrx_word' id='word_1_275' title='bbox 462 3168 530 3223; x_wconf 86' lang='lat' dir='ltr'>Par.</span> <span class='ocrx_word' id='word_1_276' title='bbox 547 3166 632 3225; x_wconf 89' lang='grc'><strong>1714.</strong></span> <span class='ocrx_word' id='word_1_277' title='bbox 938 3196 944 3206; x_wconf 87' lang='grc'><em>·</em></span> 
     </span>
    </p>

    <p class='ocr_par' dir='ltr' id='par_1_16' title="bbox 151 3245 1281 3326">
     <span class='ocr_line' id='line_1_36' title="bbox 151 3245 1281 3326; baseline -0.001 -18"><span class='ocrx_word' id='word_1_278' title='bbox 151 3249 360 3309; x_wconf 85' lang='lat' dir='ltr'><strong>BARREME.</strong></span> <span class='ocrx_word' id='word_1_279' title='bbox 384 3247 466 3304; x_wconf 84' lang='lat' dir='ltr'>Livre</span> <span class='ocrx_word' id='word_1_280' title='bbox 481 3245 602 3303; x_wconf 86' lang='lat' dir='ltr'>d&#39;Allois</span> <span class='ocrx_word' id='word_1_281' title='bbox 614 3266 651 3305; x_wconf 90' lang='lat' dir='ltr'>en</span> <span class='ocrx_word' id='word_1_282' title='bbox 666 3247 710 3304; x_wconf 83' lang='lat' dir='ltr'>Or</span> <span class='ocrx_word' id='word_1_283' title='bbox 724 3257 753 3306; x_wconf 88' lang='lat' dir='ltr'>et</span> <span class='ocrx_word' id='word_1_284' title='bbox 765 3266 801 3305; x_wconf 89' lang='lat' dir='ltr'>en</span> <span class='ocrx_word' id='word_1_285' title='bbox 816 3249 936 3326; x_wconf 68' lang='lat' dir='ltr'>Argunt.</span> <span class='ocrx_word' id='word_1_286' title='bbox 958 3248 990 3306; x_wconf 90' lang='grc'>80</span> <span class='ocrx_word' id='word_1_287' title='bbox 1010 3247 1079 3305; x_wconf 85' lang='lat' dir='ltr'>Par.</span> <span class='ocrx_word' id='word_1_288' title='bbox 1096 3245 1188 3307; x_wconf 88' lang='grc'><strong>1696.</strong></span> <span class='ocrx_word' id='word_1_289' title='bbox 1278 3308 1281 3313; x_wconf 81' lang='grc'><strong>,</strong></span> 
     </span>
    </p>

    <p class='ocr_par' dir='ltr' id='par_1_17' title="bbox 149 3324 1212 3484">
     <span class='ocr_line' id='line_1_37' title="bbox 149 3324 1212 3406; baseline -0.002 -20"><span class='ocrx_word' id='word_1_290' title='bbox 149 3362 307 3375; x_wconf 89' lang='lat'>---</span> <span class='ocrx_word' id='word_1_291' title='bbox 323 3329 362 3386; x_wconf 80' lang='lat' dir='ltr'>Le</span> <span class='ocrx_word' id='word_1_292' title='bbox 373 3324 699 3384; x_wconf 81' lang='lat' dir='ltr'>GrandComuierceou</span> <span class='ocrx_word' id='word_1_293' title='bbox 709 3327 749 3383; x_wconf 88' lang='lat' dir='ltr'>Le</span> <span class='ocrx_word' id='word_1_294' title='bbox 764 3327 910 3400; x_wconf 36' lang='lat' dir='ltr'>Nouveau‘</span> <span class='ocrx_word' id='word_1_295' title='bbox 919 3326 1001 3384; x_wconf 82' lang='lat' dir='ltr'>Livre</span> <span class='ocrx_word' id='word_1_296' title='bbox 1009 3325 1059 3384; x_wconf 90' lang='lat' dir='ltr'>des</span> <span class='ocrx_word' id='word_1_297' title='bbox 1070 3325 1212 3406; x_wconf 74' lang='lat' dir='ltr'>changes</span> 
     </span>
     <span class='ocr_line' id='line_1_38' title="bbox 189 3402 1113 3484; baseline -0.003 -20"><span class='ocrx_word' id='word_1_298' title='bbox 189 3407 386 3484; x_wconf 80' lang='lat' dir='ltr'>Estrangeres,</span> <span class='ocrx_word' id='word_1_299' title='bbox 406 3403 441 3460; x_wconf 88' lang='lat' dir='ltr'>de</span> <span class='ocrx_word' id='word_1_300' title='bbox 455 3413 520 3459; x_wconf 91' lang='lat' dir='ltr'>tous</span> <span class='ocrx_word' id='word_1_301' title='bbox 534 3402 573 3459; x_wconf 86' lang='lat' dir='ltr'>les</span> <span class='ocrx_word' id='word_1_302' title='bbox 588 3403 654 3461; x_wconf 82' lang='lat' dir='ltr'>Pais</span> <span class='ocrx_word' id='word_1_303' title='bbox 666 3405 703 3462; x_wconf 83' lang='lat' dir='ltr'>de</span> <span class='ocrx_word' id='word_1_304' title='bbox 716 3403 866 3481; x_wconf 80' lang='lat' dir='ltr'>l&#39;Eutope.</span> <span class='ocrx_word' id='word_1_305' title='bbox 888 3407 919 3462; x_wconf 90' lang='grc'>40</span> <span class='ocrx_word' id='word_1_306' title='bbox 939 3407 1008 3463; x_wconf 84' lang='lat' dir='ltr'>Par.</span> <span class='ocrx_word' id='word_1_307' title='bbox 1026 3405 1113 3463; x_wconf 87' lang='grc'><strong>1709.</strong></span> 
     </span>
    </p>

    <p class='ocr_par' dir='ltr' id='par_1_18' title="bbox 148 3480 1216 3640">
     <span class='ocr_line' id='line_1_39' title="bbox 148 3480 1216 3562; baseline 0.005 -21"><span class='ocrx_word' id='word_1_308' title='bbox 148 3517 307 3532; x_wconf 88' lang='grc'>---</span> <span class='ocrx_word' id='word_1_309' title='bbox 322 3486 364 3541; x_wconf 86' lang='lat' dir='ltr'>La</span> <span class='ocrx_word' id='word_1_310' title='bbox 389 3484 464 3541; x_wconf 84' lang='lat' dir='ltr'>Liste</span> <span class='ocrx_word' id='word_1_311' title='bbox 483 3481 534 3538; x_wconf 82' lang='lat' dir='ltr'>des</span> <span class='ocrx_word' id='word_1_312' title='bbox 557 3482 652 3540; x_wconf 84' lang='lat' dir='ltr'>Livres</span> <span class='ocrx_word' id='word_1_313' title='bbox 671 3503 730 3559; x_wconf 85' lang='lat' dir='ltr'>que</span> <span class='ocrx_word' id='word_1_314' title='bbox 751 3485 887 3542; x_wconf 80' lang='lat' dir='ltr'>Baneme</span> <span class='ocrx_word' id='word_1_315' title='bbox 900 3482 919 3541; x_wconf 72' lang='grc'><strong>1</strong></span> <span class='ocrx_word' id='word_1_316' title='bbox 931 3480 1080 3561; x_wconf 71' lang='lat' dir='ltr'>composes</span> <span class='ocrx_word' id='word_1_317' title='bbox 1093 3493 1123 3541; x_wconf 86' lang='lat' dir='ltr'>et</span> <span class='ocrx_word' id='word_1_318' title='bbox 1136 3483 1216 3562; x_wconf 87' lang='lat' dir='ltr'>qu’il</span> 
     </span>
     <span class='ocr_line' id='line_1_40' title="bbox 188 3558 963 3640; baseline 0.009 -22"><span class='ocrx_word' id='word_1_319' title='bbox 188 3565 260 3622; x_wconf 81' lang='lat' dir='ltr'>vend</span> <span class='ocrx_word' id='word_1_320' title='bbox 275 3585 311 3622; x_wconf 90' lang='lat' dir='ltr'>au</span> <span class='ocrx_word' id='word_1_321' title='bbox 325 3564 398 3620; x_wconf 89' lang='lat' dir='ltr'>bout</span> <span class='ocrx_word' id='word_1_322' title='bbox 411 3562 451 3618; x_wconf 88' lang='lat' dir='ltr'>du</span> <span class='ocrx_word' id='word_1_323' title='bbox 467 3558 649 3627; x_wconf 84' lang='lat' dir='ltr'>Pont·Neus,&#39;</span> <span class='ocrx_word' id='word_1_324' title='bbox 669 3560 732 3618; x_wconf 74' lang='lat' dir='ltr'>Ruti</span> <span class='ocrx_word' id='word_1_325' title='bbox 748 3563 910 3640; x_wconf 85' lang='lat' dir='ltr'>Dauphine.</span> <span class='ocrx_word' id='word_1_326' title='bbox 932 3565 963 3625; x_wconf 80' lang='lat'>8⁰</span> 
     </span>
    </p>

    <p class='ocr_par' dir='ltr' id='par_1_19' title="bbox 148 3638 1213 3801">
     <span class='ocr_line' id='line_1_41' title="bbox 148 3638 1213 3718; baseline 0.003 -16"><span class='ocrx_word' id='word_1_327' title='bbox 148 3642 339 3703; x_wconf 85' lang='lat' dir='ltr'>BARRERE</span> <span class='ocrx_word' id='word_1_328' title='bbox 353 3641 488 3718; x_wconf 66' lang='lat' dir='ltr'>(stanna)</span> <span class='ocrx_word' id='word_1_329' title='bbox 503 3640 581 3697; x_wconf 81' lang='lat' dir='ltr'>Essai</span> <span class='ocrx_word' id='word_1_330' title='bbox 595 3659 645 3698; x_wconf 81' lang='lat' dir='ltr'>sui·</span> <span class='ocrx_word' id='word_1_331' title='bbox 659 3638 811 3700; x_wconf 74' lang='lat' dir='ltr'>Pilistoire</span> <span class='ocrx_word' id='word_1_332' title='bbox 827 3642 972 3701; x_wconf 84' lang='lat' dir='ltr'>Naturelle</span> <span class='ocrx_word' id='word_1_333' title='bbox 992 3639 1030 3699; x_wconf 92' lang='lat' dir='ltr'>de</span> <span class='ocrx_word' id='word_1_334' title='bbox 1049 3640 1077 3698; x_wconf 88' lang='lat' dir='ltr'>ia</span> <span class='ocrx_word' id='word_1_335' title='bbox 1097 3640 1213 3705; x_wconf 82' lang='lat' dir='ltr'>France</span> 
     </span>
     <span class='ocr_line' id='line_1_42' title="bbox 187 3719 630 3801; baseline -0.011 -20"><span class='ocrx_word' id='word_1_336' title='bbox 187 3722 387 3801; x_wconf 85' lang='lat' dir='ltr'>Equinoxiaie.</span> <span class='ocrx_word' id='word_1_337' title='bbox 408 3721 440 3778; x_wconf 81' lang='lat'>8⁰</span> <span class='ocrx_word' id='word_1_338' title='bbox 460 3720 528 3775; x_wconf 85' lang='lat' dir='ltr'>Por.</span> <span class='ocrx_word' id='word_1_339' title='bbox 546 3719 630 3779; x_wconf 83' lang='grc'><strong>1741.</strong></span> 
     </span>
    </p>

    <p class='ocr_par' dir='ltr' id='par_1_20' title="bbox 146 3799 854 3858">
     <span class='ocr_line' id='line_1_43' title="bbox 146 3799 854 3858; baseline 0.001 -1"><span class='ocrx_word' id='word_1_340' title='bbox 146 3834 300 3849; x_wconf 81' lang='lat'>--—</span> <span class='ocrx_word' id='word_1_341' title='bbox 632 3800 663 3857; x_wconf 84' lang='lat'>8⁰</span> <span class='ocrx_word' id='word_1_342' title='bbox 684 3800 753 3857; x_wconf 82' lang='lat' dir='ltr'>Por.</span> <span class='ocrx_word' id='word_1_343' title='bbox 769 3799 854 3858; x_wconf 77' lang='lat'>1748.</span> 
     </span>
    </p>

    <p class='ocr_par' dir='ltr' id='par_1_21' title="bbox 144 3876 1209 4018">
     <span class='ocr_line' id='line_1_44' title="bbox 144 3876 1209 3957; baseline 0.004 -20"><span class='ocrx_word' id='word_1_344' title='bbox 144 3912 303 3930; x_wconf 83' lang='lat'>-—-</span> <span class='ocrx_word' id='word_1_345' title='bbox 318 3879 521 3937; x_wconf 77' lang='lat' dir='ltr'>Observations</span> <span class='ocrx_word' id='word_1_346' title='bbox 543 3897 593 3937; x_wconf 85' lang='lat' dir='ltr'>sur</span> <span class='ocrx_word' id='word_1_347' title='bbox 605 3877 749 3957; x_wconf 83' lang='lat' dir='ltr'>l&#39;Origiue</span> <span class='ocrx_word' id='word_1_348' title='bbox 762 3881 830 3939; x_wconf 82' lang='lat' dir='ltr'>etia</span> <span class='ocrx_word' id='word_1_349' title='bbox 843 3878 1014 3938; x_wconf 84' lang='lat' dir='ltr'>Formation</span> <span class='ocrx_word' id='word_1_350' title='bbox 1026 3876 1077 3937; x_wconf 83' lang='lat' dir='ltr'>des</span> <span class='ocrx_word' id='word_1_351' title='bbox 1092 3877 1209 3941; x_wconf 83' lang='lat' dir='ltr'>Pierres</span> 
     </span>
     <span class='ocr_line' id='line_1_45' title="bbox 185 3958 541 4018; baseline -0.006 -1"><span class='ocrx_word' id='word_1_352' title='bbox 185 3961 204 4017; x_wconf 83' lang='lat' dir='ltr'>fi</span> <span class='ocrx_word' id='word_1_353' title='bbox 246 3978 299 4018; x_wconf 81' lang='lat' dir='ltr'>ros.</span> <span class='ocrx_word' id='word_1_354' title='bbox 320 3960 351 4016; x_wconf 78' lang='lat'>8⁰</span> <span class='ocrx_word' id='word_1_355' title='bbox 372 3961 440 4016; x_wconf 83' lang='lat' dir='ltr'>Par.</span> <span class='ocrx_word' id='word_1_356' title='bbox 457 3958 541 4016; x_wconf 85' lang='grc'><strong>1746.</strong></span> 
     </span>
    </p>

    <p class='ocr_par' dir='ltr' id='par_1_22' title="bbox 145 4034 1210 4198">
     <span class='ocr_line' id='line_1_46' title="bbox 145 4034 1210 4116; baseline -0.002 -16"><span class='ocrx_word' id='word_1_357' title='bbox 145 4040 201 4100; x_wconf 87' lang='grc' dir='ltr'>ΒΑ</span> <span class='ocrx_word' id='word_1_358' title='bbox 232 4037 311 4096; x_wconf 84' lang='lat' dir='ltr'>RET</span> <span class='ocrx_word' id='word_1_359' title='bbox 324 4040 434 4115; x_wconf 76' lang='lat' dir='ltr'>(outa.)</span> <span class='ocrx_word' id='word_1_360' title='bbox 450 4038 503 4095; x_wconf 85' lang='lat' dir='ltr'>Jus</span> <span class='ocrx_word' id='word_1_361' title='bbox 518 4036 614 4116; x_wconf 73' lang='lat' dir='ltr'>Regis,</span> <span class='ocrx_word' id='word_1_362' title='bbox 634 4039 691 4098; x_wconf 85' lang='lat' dir='ltr'>sive</span> <span class='ocrx_word' id='word_1_363' title='bbox 704 4039 741 4097; x_wconf 82' lang='lat' dir='ltr'>de</span> <span class='ocrx_word' id='word_1_364' title='bbox 755 4038 884 4098; x_wconf 82' lang='lat' dir='ltr'>absoluto</span> <span class='ocrx_word' id='word_1_365' title='bbox 898 4047 928 4097; x_wconf 90' lang='lat' dir='ltr'>et</span> <span class='ocrx_word' id='word_1_366' title='bbox 942 4034 1146 4113; x_wconf 81' lang='lat' dir='ltr'>independenti</span> <span class='ocrx_word' id='word_1_367' title='bbox 1163 4057 1210 4098; x_wconf 79' lang='lat' dir='ltr'>se·</span> 
     </span>
     <span class='ocr_line' id='line_1_47' title="bbox 185 4114 1209 4198; baseline 0.001 -22"><span class='ocrx_word' id='word_1_368' title='bbox 185 4116 328 4178; x_wconf 81' lang='lat' dir='ltr'>eutarium</span> <span class='ocrx_word' id='word_1_369' title='bbox 351 4117 524 4195; x_wconf 87' lang='lat' dir='ltr'>Principum</span> <span class='ocrx_word' id='word_1_370' title='bbox 542 4117 716 4179; x_wconf 82' lang='lat' dir='ltr'>dominio&amp;</span> <span class='ocrx_word' id='word_1_371' title='bbox 741 4119 888 4198; x_wconf 84' lang='lat' dir='ltr'>Obsequio</span> <span class='ocrx_word' id='word_1_372' title='bbox 900 4120 940 4179; x_wconf 84' lang='lat' dir='ltr'>eis</span> <span class='ocrx_word' id='word_1_373' title='bbox 952 4116 1060 4175; x_wconf 90' lang='lat' dir='ltr'>debito.</span> <span class='ocrx_word' id='word_1_374' title='bbox 1081 4117 1114 4173; x_wconf 85' lang='grc'>80</span> <span class='ocrx_word' id='word_1_375' title='bbox 1135 4114 1209 4177; x_wconf 72' lang='lat' dir='ltr'>Bm.</span> 
     </span>
    </p>
   </div>
   <div class='ocr_carea' id='block_1_6' title="bbox 187 4196 1207 4336">
    <p class='ocr_par' dir='ltr' id='par_1_23' title="bbox 187 4196 1207 4336">
     <span class='ocr_line' id='line_1_48' title="bbox 187 4196 271 4258; baseline -0.048 0"><span class='ocrx_word' id='word_1_376' title='bbox 187 4196 271 4258; x_wconf 76' lang='lat'>1612.</span> 
     </span>
     <span class='ocr_line' id='line_1_49' title="bbox 1037 4271 1207 4336; baseline 0.018 -3"><span class='ocrx_word' id='word_1_377' title='bbox 1037 4271 1207 4336; x_wconf 82' lang='lat' dir='ltr'><strong>BARRET</strong></span> 
     </span>
    </p>
   </div>
   <div class='ocr_carea' id='block_1_7' title="bbox 0 0 1288 4854">
    <p class='ocr_par' dir='ltr' id='par_1_24' title="bbox 0 0 1288 4854">
     <span class='ocr_line' id='line_1_50' title="bbox 0 0 1288 4854; baseline 0 3"><span class='ocrx_word' id='word_1_378' title='bbox 0 0 1288 4854; x_wconf 95' lang='lat' dir='ltr'> </span> 
     </span>
    </p>
   </div>
  </div>
 </body>
</html>
