2566 4854
497 243 659 324 BRU

42 403 210 469 BRUNUS
226 399 384 480 (conano.)
399 399 437 458 D.
453 399 578 458 Conradi
596 401 682 458 Brvni
697 399 880 459 lvreconsrlti
901 397 980 458 Libri
1000 415 1050 458 sex
1067 397 1105 461 de

85 484 241 543 Haereticis
256 484 284 538 in
299 498 412 557 genere.
430 480 466 536 1).
482 479 582 555 Optati
596 479 664 537 Afri
679 480 816 557 Episcopi
830 478 973 556 qvondam
989 479 1106 538 Milesi·

85 567 148 622 tani
170 561 249 620 Libri
266 578 318 617 sex
330 559 366 617 de
379 557 535 616 Donatistis
550 559 579 616 in
591 560 695 634 specle,
710 560 884 617 nominatim
897 560 928 615 in
941 557 1106 616 Parmenm·

84 659 168 700 num.
184 639 269 698 Plura
283 638 321 696 D.
335 638 423 694 Brvni
438 637 551 713 Opera:
565 646 662 713 vtpote
676 637 720 695 De
734 636 879 694 Seditiosis
894 637 976 694 Libri
990 655 1048 703 sex,
1059 635 1105 694 De
1126 703 1129 710 .

86 711 244 778 Calvniniis
260 716 339 773 Libri
354 725 422 783 tres,
436 715 480 772 De
490 715 648 773 Vniuersali
660 714 788 774 Consilio
800 715 878 773 Libri
890 734 1012 783 nouem,
1025 713 1107 774 dein·

85 816 158 875 ceps
170 796 273 855 eodem
287 794 374 853 modo
387 804 416 850 et
430 792 524 851 stndio
538 793 681 861 sedentur,
700 795 764 853 Deo
783 795 925 871 propicio,
946 794 984 852 ad
1003 811 1108 869 pacem

47 925 57 944 ,
87 879 115 936 a
129 875 281 932 utilitatem
295 873 452 950 publicam.
473 872 520 931 101.
542 889 588 948 op.
604 872 632 929 S.
652 873 719 930 Vici.
730 890 819 949 prope
833 873 965 950 Mogont.
980 872 1067 930 1549.

47 953 216 1018 BRUNUS
232 953 439 1028 (raancrscns)
453 951 604 1009 Tractatvs
615 951 651 1008 de
665 950 784 1009 Iudiciis
797 961 825 1008 et
838 950 958 1008 Tortvra
971 951 1009 1008 D.
1021 952 1108 1009 Fran·

88 1034 161 1091 cisci
186 1033 289 1097 Bruni,
311 1031 348 1088 D.
363 1029 503 1089 Guidonis
516 1030 552 1088 de
566 1029 685 1088 Suzaria
699 1029 864 1097 Mantuani,
884 1038 914 1085 et
927 1029 965 1086 Ι).
979 1028 1062 1087 Baldi
1073 1028 1110 1088 de

89 1111 212 1186 Pcriglis
227 1109 355 1167 Perusini
369 1127 437 1166 cum
451 1092 539 1168 aridii.
552 1108 663 1172 Ludos.
677 1107 841 1186 Bolognini.
862 1108 893 1165 80
918 1107 979 1165 Veri.
996 1107 1082 1164 1549.

10 1220 14 1225 ·
48 1189 346 1264 Bituitus-(ioan.)
362 1187 465 1246 Scotua.
488 1188 522 1245 In
543 1184 763 1244 Benedictiones
781 1185 852 1243 XII.
872 1185 1110 1245 Patriarclrarvm.
1186 1180 1197 1194 ’

92 1268 310 1325 Commentaria
323 1275 353 1323 et
365 1266 472 1326 Qvaest.
486 1263 667 1342 Analyticae.
687 1267 720 1321 8⁰
744 1264 806 1322 Van.
822 1263 907 1321 1604.
1072 1329 1074 1333 s
1127 1286 1143 1300 ν

49 1345 220 1482 1181151ἔῖ118
246 1345 423 1422 (sonuimus)
449 1345 585 1403 Nolanus.
625 1343 671 1402 De
685 1342 802 1402 Vmbris
826 1342 970 1401 idearum.
991 1345 1023 1402 80
1043 1344 1112 1400 Por.

50 1533 217 1553 --
230 1501 288 1558 Ars
301 1500 468 1559 Memoriae.
489 1501 521 1559 80
829 1509 833 1522 '

52 1610 217 1630 ...—
229 1577 396 1646 Candelaio,
418 1579 566 1637 comedia.
588 1580 619 1636 80
639 1580 708 1637 Por.
725 1577 810 1639 1582.

51 1688 216 1708 ..--
228 1658 272 1714 De
293 1657 499 1736 compendiosa
520 1658 723 1716 Architectura
743 1660 770 1715 δι
792 1658 1016 1736 complemento
1035 1655 1114 1716 Artis

97 1737 192 1796 Lullii.
216 1735 265 1795 190
285 1738 355 1793 Par.
372 1735 458 1798 1582.

52 1846 217 1865 .---
231 1812 304 1871 Dell’
320 1814 429 1871 infinito
443 1813 582 1872 Vniverso
595 1823 624 1871 et
638 1813 756 1873 Mundi.
775 1816 807 1873 80
832 1815 894 1876 Veri.
908 1815 997 1875 1584.

56 1925 220 1942 ---·
235 1892 274 1951 La
288 1891 369 1950 Cena
381 1892 418 1950 de
430 1892 457 1950 le
472 1892 584 1950 Ceneri.
604 1895 636 1949 8⁰
659 1892 743 1951 1584.
1011 1945 1014 1952 ,

55 2002 219 2026 -·.---
232 1970 277 2029 De
290 1971 318 2029 la
331 1971 435 2039 Causa,
456 1971 614 2047 Principio,
633 1981 663 2029 et
677 1972 754 2029 Uno.
776 1973 807 2029 80
832 1972 893 2030 Ven.
911 1972 997 2031 1584.
1079 2019 1080 2023 ,

55 2082 219 2102 .-—
234 2050 357 2124 Spaccio
368 2049 444 2107 della
458 2050 551 2106 Bestia
566 2048 731 2107 trionfante.
752 2050 783 2108 80
803 2053 871 2108 Pur.
888 2051 974 2109 1584.

57 2158 221 2176 ——--
234 2127 339 2185 Cabala
352 2125 409 2185 del'
424 2127 536 2184 Cavallo
549 2127 692 2205 Pegaseo:
706 2146 764 2186 con
775 2127 939 2207 l’aggiunta
951 2125 1017 2188 dett’
1028 2126 1119 2187 Asino

99 2207 250 2264 Cillenico.
272 2207 303 2262 8⁰
325 2208 394 2263 Por.
411 2203 495 2262 1585.
598 2235 600 2240 ν

59 2317 223 2334 ---
237 2283 324 2361 Degl'
343 2285 451 2341 heroici
465 2284 575 2340 erori.
596 2285 627 2340 8⁰
648 2286 716 2341 Por.
733 2283 819 2341 1585.

58 2384 222 2498 -1--ε-
232 2362 277 2420 De
302 2362 455 2441 Progressa
479 2370 509 2419 et
530 2360 677 2438 lampade
691 2360 848 2419 Venatoria
863 2363 1050 2440 Logicorum.
1090 2364 1122 2420 8⁰

60 2551 225 2568 -—--·
237 2520 426 2584 Acrotis'mvs,
446 2535 497 2574 seu
511 2515 646 2575 Rationes
659 2517 854 2576 Articvlorvm
870 2514 1060 2594 physicorum
1073 2515 1123 2575 ad·

104 2615 204 2654 versus
218 2596 422 2674 Peripateticos
436 2595 548 2654 Parisiis
562 2599 788 2673 propositorum,
808 2607 864 2654 etc.
885 2598 917 2654 80
935 2596 1019 2654 Viteb.
1035 2596 1123 2655 1588.

61 2706 225 2722 --
238 2674 283 2732 De
294 2676 458 2752 Speciervm
469 2676 610 2732 Scrvtinio
623 2685 651 2732 et
666 2675 812 2753 Lampade
825 2675 1031 2735 combinatoria
1044 2674 1124 2752 Ray·

106 2753 208 2814 mvndi
223 2753 317 2810 Lvllii.
342 2752 389 2812 12⁰
409 2755 496 2830 Prog.
513 2750 600 2811 1588.

62 2862 226 2880 —---
239 2831 284 2889 De
299 2832 469 2908 Imaginem,
484 2832 646 2907 Signorvm,
660 2842 689 2889 et
703 2831 838 2890 idearum
850 2831 1075 2911 compositione,
1087 2829 1125 2890 ad

105 2912 207 2968 omnia
220 2911 432 2977 inventionum,
453 2909 691 2985 Dispositionum,
712 2912 905 2970 &Memoria
928 2929 1036 2990 genera
1043 2929 1053 2983 ;
1073 2911 1124 2969 Li·

107 2989 155 3046 bri
168 2998 234 3046 tres.
255 2989 286 3045 80
305 2989 405 3047 Fronc.
423 2987 509 3044 1591.
1122 3054 1125 3058 ι

68 3098 231 3116 ---
244 3065 288 3124 De
309 3066 415 3144 triplici
435 3067 566 3124 Minimo
578 3075 608 3123 et
621 3067 767 3135 Mensura,
787 3065 824 3124 ad
843 3068 929 3124 trivm
943 3065 1127 3142 specvlativa·

109 3164 177 3204 rum
189 3145 378 3203 scientiarum
392 3155 421 3202 et
435 3144 592 3204 multarum
605 3149 766 3204 actiuarum
780 3147 899 3204 Artium
912 3145 1067 3222 Principia,
1081 3146 1127 3203 Li·

112 3225 158 3281 bri
174 3243 203 3281 v.
222 3223 254 3280 80
273 3225 375 3282 Fronc.
392 3222 479 3280 1591.

71 3334 233 3350 ---
246 3301 357 3361 Recens
375 3313 405 3360 et
417 3301 562 3379 completa
575 3302 631 3359 Ars
646 3301 848 3362 reminiscendi
861 3312 892 3362 et
905 3302 935 3362 in
947 3301 1129 3380 phantastico

114 3380 228 3456 Campo
241 3380 387 3438 exarandi.
408 3382 440 3437 80
524 3398 528 3406 ’

74 3473 236 3508 -‘--
248 3457 412 3534 Explicatio
425 3457 541 3534 triginta
554 3456 729 3534 Sigillorum.
749 3461 790 3517 80.

74 3565 236 3606 ιφ·-
250 3536 295 3593 De
309 3536 523 3613 compositione
544 3534 719 3615 imaginum.
739 3539 779 3595 80.

74 3644 234 3660 —--·
248 3615 416 3673 Artificium
438 3615 603 3691 perorandi,
623 3615 760 3674 traditum
779 3635 797 3674 a
815 3613 943 3674 Jordano
956 3615 1055 3675 Bruno
1071 3616 1135 3675 Nos

79 3699 85 3710 ’
116 3691 193 3757 lano,
208 3696 458 3751 communicatum
472 3712 490 3750 a
502 3693 742 3755 Johan-llenrico
755 3694 893 3754 Alstedio.
908 3696 939 3752 80
948 3696 1034 3754 Fron.
1047 3694 1133 3755 1612.

76 3770 246 3830 BRUNUS
260 3773 463 3846 (canusinus)
479 3771 632 3830 Arretinae.
654 3773 849 3850 Epistularum
869 3774 950 3832 Libri
964 3776 1022 3833 viii.
1037 3793 1135 3834 receu-⁴

119 3857 199 3905 sente
215 3848 369 3908 Laurentio
384 3850 500 3907 Mehns.
523 3850 591 3908 Pars
604 3853 707 3928 p‘rirna.
730 3854 761 3908 8⁰
782 3854 857 3909 Flor.
874 3852 960 3909 1741.

566 3929 634 3987 Pars
647 3929 788 3987 Secunda.
808 3932 839 3986 80
859 3932 935 3986 Flor.
953 3928 1059 3987 1741st
1129 3972 1137 3983 .

77 4000 246 4065 BRUNUS
260 4010 454 4083 (senoricus)
470 4009 516 4066 De
529 4007 619 4066 Obitu
638 4010 766 4065 sereniss.
780 4008 959 4066 &catholice
979 4007 1035 4064 dise
1055 4004 1135 4065 Heli·

122 4084 230 4142 zabeth
253 4085 363 4162 Regiae
386 4087 549 4164 Hispaniam
563 4088 589 4144 &
602 4087 718 4162 utriusq3
732 4085 825 4145 Sicilie
838 4105 871 4144 ac
888 4085 1065 4143 Hierusalem
1080 4084 1137 4144 lle·

123 4163 190 4239 gine
205 4163 315 4222 Oratio.
330 4166 389 4238 xxij
404 4166 656 4239 Februarij.Arino
668 4162 737 4221 Drii.
759 4164 978 4243 1000000040
999 4162 1099 4232 1505,

82 4240 285 4301 BRUNYER
300 4245 403 4319 (anas)
422 4243 525 4304 Hortus
540 4242 805 4320 Regiissslesensis.
826 4239 1144 4378 loigsffiskfissifiigb
