2566 4854
591 230 749 332 aaa

146 382 358 446 ALBERTUS
371 386 504 443 uacuus.
519 381 634 442 Postilla
648 386 784 464 apprime
797 383 971 465 magistralis
983 401 1071 462 super
1077 381 1098 441 J
1099 378 1202 442 oannis

179 456 383 542 ‘Evangeliare
403 463 452 522 sol.
473 463 585 540 Hagen.
601 462 686 521 1504.

145 572 304 593 ---
314 543 408 620 Super
421 542 518 600 Marci
533 542 720 619 Evangeliare
733 542 854 602 Postilla
875 541 932 601 sol.
944 544 1056 621 Hagen.
1073 539 1160 602 1504.

144 655 303 675 ---
312 623 444 684 Quatuor
454 623 569 699 Scripta
580 622 794 681 Sententiarum
814 623 915 681 Libros
934 621 1110 680 articulatim
1121 618 1201 679 diiu-

91 713 93 717 '
184 701 320 762 cidautia.
341 705 444 760 4tom.
464 700 514 760 fol.
534 699 602 759 Bur.
619 700 707 759 1506.

144 813 302 835 .----
317 781 513 840 Directorium
531 780 736 857 principalium
750 780 962 840 Sententiarum
984 781 1014 837 in
1029 780 1160 917 primam
1175 777 1202 834 dt

186 859 343 920 secundam
355 868 450 938 partes
461 860 580 917 Summe
593 859 724 918 Albertbi
736 861 851 940 Magni,
863 858 931 918 alias
941 857 1020 919 dicte
1049 853 1200 917 emirabili

140 974 156 1009 ·.
186 942 312 999 Scientia
325 938 392 997 Dei.
411 938 459 997 sol.
481 938 549 996 Bos.
566 937 652 997 1567.
704 970 706 975 ·
947 979 951 986 »

143 1049 302 1076 v---·
318 1017 409 1076 Parva
424 1017 584 1075 Naturalia.
606 1015 654 1074 sol.
681 1017 742 1076 Ven.
759 1015 845 1076 1517.
1204 1081 1210 1088 ,

146 1130 302 1147 ---
317 1097 383 1154 Due
395 1096 491 1154 Partes
505 1097 636 1164 Summe,
649 1115 773 1174 quarum
785 1100 881 1175 prima
893 1095 930 1156 de
939 1103 1067 1173 quatuor
1079 1110 1203 1170 coequo·

185 1181 239 1244 vis,
262 1174 389 1235 secunda
413 1175 450 1233 de
477 1175 604 1233 Homine
628 1177 804 1247 inscribitur,
829 1195 890 1235 una
916 1193 986 1234 cum
1008 1173 1202 1233 additionibus

185 1257 280 1316 Marci
294 1257 365 1313 Ant.
382 1255 509 1312 Zimara.
531 1254 580 1312 fol.
607 1255 669 1312 Veis.
687 1254 771 1313 1519.

143 1366 303 1384 ---
317 1333 372 1392 Die
388 1332 631 1410 Heymiieheiten.
652 1336 684 1392 8⁰
706 1334 792 1392 1534.

144 1437 302 1469 ..ι-,-
316 1412 361 1471 De
370 1412 534 1491 Virtutibus
544 1412 720 1471 Herbarum.
741 1413 787 1472 De
796 1411 961 1472 Virtutibus
975 1405 1133 1490 Lepidum.
1156 1406 1202 1468 De

185 1492 352 1553 Virtutibus
365 1490 545 1549 Animalium
560 1499 590 1549 et
611 1491 796 1551 Mirabilibus
818 1491 936 1551 Mundi.
976 1491 1053 1559 Item
1073 1487 1203 1547 Parvum

185 1569 561 1650 RegimenSanitatisvalde
575 1569 652 1628 utile.
673 1574 705 1629 80
726 1571 831 1630 Rom
855 1571 923 1628 Tiro.
938 1570 1051 1629 latiore.

145 1684 302 1702 ----
317 1648 536 1728 Compendium
556 1649 741 1748 Theologicae
755 1650 902 1715 Veritatis,
924 1668 994 1707 cum
1008 1647 1134 1716 scholiis,
1148 1664 1204 1726 per
1263 1664 1266 1672 ·

186 1731 223 1790 R.
232 1730 265 1789 P.
275 1731 307 1787 F.
322 1729 528 1807 Seraphynum
544 1729 656 1806 Caponi
670 1749 688 1787 e
703 1731 848 1787 Porrecta.
860 1732 863 1737 '
873 1728 923 1786 160
948 1728 1009 1786 Van.
1023 1727 1109 1785 1588.

146 1841 305 1859 ----
318 1807 448 1866 Tratado
460 1805 548 1864 delas
561 1807 699 1865 Virtudes
710 1809 787 1865 intit.
803 1807 929 1884 Parayso
942 1807 989 1866 del
1002 1806 1089 1865 Alma
1100 1824 1109 1863 ι
1129 1802 1203 1862 trad.

186 1907 241 1967 por
251 1886 347 1944 Pedro
357 1886 393 1944 de
403 1884 615 1963 Rihadeneyra.
639 1885 689 1944 160
709 1885 812 1943 Mndr.
830 1885 915 1944 1593.

144 1993 305 2016 ...-
318 1963 363 2022 De
383 1963 563 2033 Falcouibus,
582 1964 748 2034 Asturibus,
769 1966 797 2022 &
819 1963 1025 2042 Accipitribus.
1054 1962 1103 2020 190
1129 1962 1204 2042 Aug.

191 2044 272 2102 Vina.
289 2043 376 2102 1596.

147 2156 305 2174 ---
319 2120 477 2200 Speculum
500 2119 716 2181 Astronomiae:
737 2125 956 2199 praemittuntur
978 2129 1076 2179 autem
1101 2117 1205 2179 Libelli

187 2203 224 2263 de
237 2202 399 2261 Virtutibus
412 2199 589 2268 Herbarum,
604 2201 761 2280 lapidum,
774 2203 827 2260 &a
850 2201 900 2259 160
920 2201 1011 2278 lugd.
1028 2200 1115 2258 1615.

148 2280 364 2339 ---·De
376 2278 552 2338 adhaerendo
565 2281 628 2338 Deo
639 2279 772 2338 libellus.
812 2279 937 2339 Accedit
945 2277 1074 2354 ejusdem
1087 2278 1204 2337 Alberti

186 2361 267 2420 Vita.
291 2359 339 2420 190
361 2358 443 2418 Anto.
457 2375 503 2436 ap.
517 2359 613 2417 Plane.
629 2357 715 2419 1691.

148 2452 307 2493 m--a-
320 2439 348 2499 A
362 2438 491 2496 Treatise
505 2437 539 2496 of
548 2437 688 2515 adhering
700 2450 730 2496 to
744 2437 821 2506 God,
834 2446 891 2518 put
903 2440 965 2497 into
973 2435 1094 2518 English
1105 2436 1147 2515 by
1159 2431 1218 2495 Sir

189 2517 329 2577 Kenelme
343 2516 454 2595 Digby,
467 2516 537 2577 Knt.
559 2517 608 2576 190
628 2517 719 2575 Lond.
735 2516 822 2576 1654.

144 2595 361 2656 .Λ18Ε8Τ66
377 2597 553 2673 (nicoisas)
568 2617 587 2654 o
601 2596 747 2654 Kamenel.
780 2595 880 2655 Oratio
891 2594 928 2655 de
938 2595 1063 2655 Hebreae
1079 2596 1204 2673 Linguae

188 2675 291 2735 studio.
310 2677 343 2732 4⁰
362 2677 450 2752 Prog.
465 2673 551 2734 1697.

106 2753 362 2843 χ,ΛΙ.ΒΕΒΤ118
380 2773 501 2812 anavus.
528 2753 639 2811 Secreta
653 2753 837 2813 merreiileux
852 2753 890 2812 de
902 2755 930 2813 la
949 2753 1051 2834 Magis
1064 2753 1205 2814 naturelie

190 2833 425 2912 &cabalistiqua
448 2831 497 2891 190
518 2833 595 2891 Sion.
613 2833 698 2892 1718.

151 2911 363 2973 ALBERTUS
375 2913 540 2972 Perusinus.
579 2911 703 2971 Solenne
716 2912 800 2988 Opus
818 2911 864 2971 Ex
917 2908 1013 2971 itionis
1032 2910 1207 2991 Euangelio-

191 3011 257 3050 rurn
268 2990 488 3050 dominicalium
497 2994 590 3050 tocius
601 2992 693 3054 Anni.
713 2991 760 3051 fol.
786 2992 848 3049 Van.
871 2992 951 3069 176.

151 3069 374 3139 ALBERTUS,
388 3089 464 3139 rius,
478 3091 504 3127 u.
520 3088 594 3128 rius.

152 3147 365 3210 ALBERTUS
386 3149 554 3225 (saaoraor)
574 3147 701 3209 Historia
719 3149 915 3284 plerarunspue
930 3149 1060 3207 Partiurn
1075 3147 1207 3210 Humani

192 3227 330 3303 Corporis
343 3229 468 3284 inusum
480 3226 633 3304 Tyronum
644 3227 729 3286 edita.
750 3229 781 3286 80
805 3228 865 3286 Vite
883 3270 890 3286 .
908 3229 993 3287 1583.

153 3336 272 3351 --
485 3309 517 3364 80
542 3306 626 3364 Viteb.
642 3305 728 3365 1585.

153 3413 312 3433 --·--
325 3382 396 3441 Tres
414 3383 583 3443 Orationes:
606 3404 626 3442 ι.
646 3385 691 3444 De
709 3385 872 3459 cognitione
890 3385 1064 3445 Herbarum.
1107 3405 1139 3444 ιι.
1160 3384 1208 3446 De

195 3462 312 3522 Moschi
332 3465 468 3521 mornatio
491 3473 606 3523 natura.
648 3483 692 3523 ιιι.
714 3465 759 3525 De
781 3463 933 3543 disciplina
956 3465 1142 3524 Anatomics.
1172 3467 1205 3524 80

192 3540 321 3601 Norimb.
335 3541 421 3602 1586.
559 3540 563 3547 '
1060 3547 1063 3551 ’

152 3651 311 3683 .·--·-
324 3621 490 3680 Orationes:
508 3640 528 3680 1.
543 3620 588 3680 De
598 3620 694 3681 studio
705 3622 853 3682 Doctrinae
867 3622 1012 3702 Physieae.
1034 3643 1065 3683 ιι.
1081 3621 1127 3682 De
1139 3621 1208 3683 felle

193 3700 230 3762 ad
244 3701 380 3759 Intestine
396 3701 584 3777 restagnante.
627 3721 671 3760 ιιι.
692 3702 737 3761 De
750 3702 854 3762 sudore
872 3712 1002 3762 cruento.
1024 3722 1064 3764 rr.
1078 3702 1125 3762 De
1138 3703 1208 3762 Me·

192 3778 279 3840 dendi
294 3780 428 3840 Scientia.
449 3781 480 3838 80
504 3778 691 3841 loculoso.

153 3880 311 3909 ⁴---
324 3859 476 3918 Schorbuti
490 3857 625 3919 Historia.
646 3862 677 3919 8⁰
701 3860 794 3920 Vitat.
810 3860 896 3921 1594.

138 3936 592 4015 ,ALBERTUSdesaaontaa
607 3958 745 4000 saxonia.
1160 3962 1164 3971 ³

153 4016 367 4081 ALBERTUS
379 4015 474 4076 Abdus
486 4018 634 4078 Studnum
668 4019 835 4080 Chronicon
849 4040 867 4079 a
881 4019 999 4079 condito
1014 4020 1095 4080 Orbe
1113 4039 1207 4097 usque

193 4101 317 4158 Annum
337 4096 443 4155 Christi
463 4115 606 4156 saccari.
625 4119 642 4157 e
662 4099 842 4159 Bibliotheca
863 4100 938 4159 Hen.
960 4100 1109 4169 Ranaovii,
1135 4101 1208 4178 [per

193 4175 310 4237 Reiuer.
325 4173 543 4253 Reineccium]
565 4178 596 4233 4⁰
616 4178 733 4237 Helmst.
751 4178 837 4240 1587.

152 4254 364 4319 ALBERTUS
378 4258 533 4334 (narrar.)
543 4267 648 4318 masas
660 4269 781 4338 Καπας
793 4258 873 4341 quod
880 4267 923 4320 est
933 4258 1210 4396 Cartesiauismcupcet
